3259 5275
838 411 1304 476 eflnlsnANo
1360 411 1677 477 mmmm
1730 413 2038 477 nmmo.

647 605 765 675 Tu
805 602 1044 692 doces,
1091 599 1333 675 Becki.
1434 600 1603 672 'nbi
1645 626 1720 673 se
1764 605 1912 695 quis
1962 620 2227 699 aequet,

606 797 613 804 .
649 742 879 829 Quum
928 763 1188 812 memor
1230 739 1447 842 ⁸longa
1485 740 1659 810 serie
1708 742 1994 811 revolvis

646 880 825 950 Acta
872 879 1206 949 seclorum
1257 885 1326 946 et
1377 876 1715 945 celebrata
1761 877 1989 970 prisco

1165 1013 1458 1087 Nomina
1505 1011 1795 1100 mundo,

635 1222 975 1312 Bellaque
1025 1229 1094 1289 et
1140 1240 1340 1313 reges
1391 1218 1782 1310 variamque
1831 1225 2080 1291 sortem

640 1360 961 1428 Gentium
1008 1356 1434 1449 insignesque
1481 1355 1657 1426 viros
1705 1365 1778 1424 et
1825 1380 2028 1427 ausus

644 1491 925 1565 Nobiles
976 1515 1240 1575 narras;
1305 1493 1672 1563 trutinaeve
1723 1494 1893 1564 iusto
1945 1518 2065 1565 ex-

1169 1630 1385 1699 amine
1424 1654 1669 1725 pensas
1683 1683 1706 1722 ‚

648 1835 836 1923 Quid
882 1857 1118 1905 reeens
1170 1844 1351 1905 aetas
1398 1835 1749 1904 hominum
1799 1835 2134 1927 elaboret,

644 1977 847 2044 Nune
897 1982 1134 2067 petens
1184 1974 1391 2041 finem
1438 1972 1660 2040 iaculo
1701 1982 2026 2066 negatum

645 2111 871 2181 Debili
885 2160 906 2200 ‚
956 2132 1136 2179 nunc
1185 2109 1252 2178 in
1302 2107 1613 2178 tenebras
1655 2110 1899 2180 inertes

1159 2245 1384 2315 Caeca
1424 2245 1773 2330 relabens;

642 2448 948 2524 Helladis
985 2452 1096 2522 vel
1148 2451 1312 2543 quid
1359 2450 1564 2520 lateat
1611 2450 1884 2520 vetustis

645 2591 971 2662 Abditum
1016 2589 1295 2677 chartis,
1342 2588 1724 2681 populusve
1774 2575 2102 2660 monstras

642 2729 918 2799 Romuli
969 2738 1043 2798 ut
1092 2727 1332 2796 Graias
1384 2726 1675 2794 imitetur
1722 2735 1900 2797 artes

1165 2862 1308 2935 Ore
1358 2862 1620 2932 Latino.

642 3071 847 3140 Vnde
896 3071 1153 3138 divinas
1195 3067 1457 3135 tabulas
1507 3063 1802 3134 recludis

638 3204 852 3273 Fidus
901 3207 1229 3296 interpres
1245 3253 1266 3289 ,
1318 3200 1687 3292 liquidique
1740 3200 1942 3270 fontis

636 3341 1006 3410 Haustibus
1057 3339 1289 3433 magni
1337 3339 1628 3433 genuina
1677 3336 1921 3431 pandis

1162 3478 1349 3547 Iussa
1396 3477 1699 3569 mag-istri
1713 3525 1735 3563 ,

644 3665 873 3757 Saepe
923 3666 1152 3735 fucata
1198 3665 1424 3733 vitiata
1472 3662 1751 3750 fraude,

648 3803 879 3898 Saepe
929 3803 1185 3879 vesanis
1234 3810 1561 3871 temerata
1598 3799 1795 3885 rixis,

646 3941 878 4027 Quum
919 3940 1113 4028 furor
1157 3961 1391 4008 saevus
1438 3938 1806 4007 stimularet
1854 3943 1925 4004 et
1971 3932 2079 4002 fa-

1165 4076 1417 4144 naticus
1469 4096 1675 4143 error.

646 4264 841 4334 Idem
890 4262 1054 4334 ades
1103 4264 1405 4354 rectique
1452 4258 1752 4353 bonique
1801 4282 2033 4331 suasor
2111 4338 2123 4349 ,

648 4400 883 4471 Rebus
933 4400 1001 4470 iu
1053 4402 1304 4473 cunetis
1318 4449 1343 4492 ,
1389 4402 1816 4493 monitorque
1863 4404 2062 4467 acuto

2405 434 2618 503 mlv
