3259 5275
803 479 933 548 m
1391 472 1534 534 ns
1623 472 2427 535 HYPEnBoLs

807 666 931 736 sed
969 664 1418 757 hyperbolica
1466 664 1885 756 comparatio
1943 674 2047 732 est
2063 714 2085 752 ,
2162 687 2299 754 qua
2354 673 2593 734 natura
2638 664 3014 737 declaratur

808 770 1091 840 numinis
1139 768 1311 852 ficti,
1379 767 1467 836 de
1509 790 1647 857 quo
1695 767 2042 835 numinum
2082 791 2338 861 genere
2383 769 2664 862 egregie
2714 769 3020 842 disseruit

810 872 1192 943 Nitzschius
1232 872 1300 939 in
1347 870 1765 963 praefatione
1808 874 2267 940 commentarii
2324 873 2394 944 in
2440 871 2864 963 odysseam:
2930 887 3018 961 ut,

812 979 864 1046 si
892 985 1185 1045 mentem
1211 985 1459 1067 poetae
1487 973 1853 1065 simplicius
1885 976 2231 1061 enuncieS,
2272 975 2411 1044 hoc
2438 976 2552 1044 ille
2588 977 2798 1046 dicat:
2855 1001 3019 1046 con-

811 1083 1172 1149 tentionem
1214 1079 1520 1146 incitasse
1568 1079 1897 1147 exercitus
1914 1133 1935 1169 ,
1987 1101 2163 1169 quae
2213 1101 2255 1146 a
2294 1102 2509 1171 parvo
2555 1081 2736 1148 initio
2781 1083 2852 1149 in
2892 1083 3018 1150 im-

811 1206 1113 1253 mensum
1153 1180 1367 1250 soleat
1413 1182 1649 1274 augeri
1666 1233 1687 1269 ,
1738 1190 1849 1269 ut,
1902 1183 1959 1250 si
1998 1182 2361 1251 humanam
2406 1184 2704 1276 speciem
2746 1183 3018 1272 habeat,

811 1312 895 1357 ea
927 1287 1167 1356 sensim
1201 1308 1593 1354 accrescens
1618 1308 1780 1353 mox
1815 1285 2036 1377 capite
2067 1287 2150 1354 sit
2181 1287 2445 1356 caelum
2487 1295 2767 1359 tactura.
2823 1288 3017 1357 Haec

806 1390 1082 1482 quidem
1120 1389 1211 1458 de
1257 1392 1539 1482 magnis.
1645 1388 1791 1457 Sed
1835 1398 1937 1457 est
1969 1390 2172 1458 etiam
2221 1390 2288 1458 in
2333 1392 2624 1460 venustis
2668 1403 2738 1460 et
2774 1391 3016 1483 lepidis

802 1494 1226 1587 hyperbolae
1263 1492 1480 1580 locus,
1510 1492 1719 1583 idque
1767 1514 1853 1561 eo
1897 1494 2134 1585 magis,
2180 1516 2320 1583 quo
2349 1496 2572 1587 magis
2601 1495 2866 1566 lascivit
2898 1520 3015 1565 ex-

804 1600 1056 1667 sultans
1085 1596 1414 1666 hilaritas:
1448 1619 1624 1687 quae
1655 1620 1860 1688 saepe
1895 1597 1987 1664 ita
2021 1597 2408 1686 luxuriatur,
2440 1609 2514 1674 ut
2543 1597 2808 1688 quidvis
2847 1601 3014 1669 arri-

800 1704 964 1795 piat,
993 1703 1061 1768 in
1092 1700 1279 1790 quod
1306 1701 1636 1791 impetum
1663 1723 1859 1769 suum
1891 1699 2218 1769 effundat.
2262 1701 2444 1770 Hinc
2470 1702 2626 1771 illae
2653 1702 3016 1793 hyperbo-

799 1808 928 1892 lae,
975 1805 1215 1895 quibus
1261 1803 1425 1893 quid
1452 1804 1562 1871 vel
1606 1826 1838 1872 secum
1877 1805 2125 1895 ipsum,
2178 1804 2288 1874 vel
2322 1828 2478 1873 cum
2505 1806 2641 1874 alio
2665 1807 3015 1898 persimili,

799 1910 907 1978 vel
939 1932 1092 1976 cum
1121 1919 1399 1999 p'rorsus
1431 1906 1729 1978 dissimili
1768 1916 2218 1999 comparatur.
2290 1907 2668 1978 Demetrius
2713 1903 2785 2004 §.
2839 1907 3010 1983 127.

797 2005 904 2086 τό
959 2012 1049 2085 ὁὲ
1103 2036 1407 2106 χρυσω
1464 2012 1991 2138 χρυσοτέρα
2056 2004 2152 2086 vd
2200 2006 2596 2106 Σαπφικόν
2648 2016 2727 2085 ἐν
2777 2011 3012 2111 ὕπερ-

795 2115 981 2212 βολῇ
1006 2117 1292 2209 λέγεται
1325 2112 1448 2192 καὶ
1490 2108 1708 2200 αὐτό,
1756 2112 1875 2184 καὶ
1902 2106 2297 2237 dduvd‘tmc,
2341 2108 2526 2207 πλήν
2569 2111 2774 2211 αὐτῷ
2795 2144 2882 2207 γε
2909 2118 3013 2212 τῷ

799 2211 1136 2313 ἀδυνάτῳ
1178 2210 1394 2311 χάριν
1433 2216 1620 2306 ἔχει,
1667 2211 1757 2289 οὐ
1801 2209 2266 2315 ψυχρότητα·
2318 2215 2364 2288 ὃ
2405 2210 2497 2314 δή
2521 2217 2643 2290 καὶ
2683 2211 3008 2309 μάλιστα

796 2314 1256 2413 θαυμασειεν
1305 2315 1396 2391 ἄν
1442 2345 1553 2399 τις
1579 2319 1943 2412 Σαπφοῦς
1970 2320 2099 2414 τῆς
2133 2318 2360 2405 θείας,
2413 2317 2535 2393 ὅτι
2569 2347 2799 2416 φησει
2849 2348 3009 2394 κιν-

797 2417 1099 2498 δυνώδη
1140 2417 1523 2517 πράγματι
1574 2420 1694 2496 καὶ
1730 2415 2301 2516 δυςκατορθῶτφ
2336 2417 2695 2519 ἐχρήσατο,
2744 2429 3008 2516 ἐπιχα-

798 2528 1027 2624 ρίτως.
1080 2527 1241 2595 Νοιι
1278 2534 1580 2595 uteretur
1616 2525 1753 2601 hoc
1797 2527 2001 2600 iratus
2033 2524 2373 2622 Achilles,
2426 2527 2544 2596 nbi
2574 2525 2740 2596 dicit

1000 2672 1267 2785 κούρην
1301 2677 1373 2753 δ’
1413 2676 1500 2753 οὐ
1528 2681 1776 2774 γαμέω
1807 2676 2380 2773 Ἀγαμέμνονος.

690 2831 794 2902 16
806 2835 1000 2905 Idem
1035 2828 1110 2930 S.
1152 2831 1326 2905 162.
1355 2832 1515 2905 huic
1553 2831 1748 2902 addit
1785 2832 1968 2901 aliud
2011 2832 2473 2926 sapphicum,
2523 2828 2716 2913 πολυ
2755 2834 3005 2913 παππί-

791 2945 913 3020 doc
948 2936 1520 3035 viduati-screbat,
1574 2946 1644 3007 et
1669 2936 1821 3021 illa,
1871 2959 2048 3025 quae
2092 2939 2226 3011 iam
2271 2961 2481 3031 supra
2509 2961 3007 3011 commemora-

790 3051 1009 3130 verat,
1076 3039 1488 3136 urceos-apoc
1539 3033 1965 3137 κολοκύντης
2012 3048 2082 3109 et
2142 3046 2382 3136 φαλακ
2431 3036 2685 3138 (ireque
2741 3039 3001 3125 εὐδίας.

786 3148 866 3215 Ιιι
893 3150 1162 3215 oratore
1189 3146 1336 3213 iure
1370 3144 1543 3213 haec
1573 3144 1921 3236 improbat
1954 3143 2330 3237 Gregorius
2368 3069 2574 3218 (gor.
2553 3147 2621 3214 in
2653 3169 3004 3216 commen-

786 3251 957 3320 tario
987 3250 1057 3318 in
1089 3249 1600 3342 Hermogenem
1627 3272 1695 3341 p.
1723 3246 1898 3315 914.
1929 3247 2037 3315 ed.
2067 3247 2303 3321 Reisk.

989 3352 1313 3443 Sequitur
1355 3353 1647 3443 denique
1690 3361 2003 3441 quartum
2044 3374 2260 3443 genus
2279 3405 2300 3439 ,
2352 3349 2542 3440 quod
2583 3358 2688 3418 est
2728 3350 2801 3419 in
2839 3353 3001 3420 ridi-

786 3458 958 3528 culo.
1061 3457 1167 3524 Ac
1212 3456 1564 3526 ridiculum
1608 3478 1818 3546 quum
1875 3455 1946 3522 in
1987 3477 2215 3522 rerum
2257 3477 2397 3522 non
2452 3454 3001 3524 consociabilium

784 3561 1250 3633 coniunctione
1313 3570 1624 3629 cernatur
1639 3611 1660 3647 ,
1727 3581 1905 3649 quae
1945 3581 2054 3629 res
2117 3568 2345 3627 tamen
2404 3558 2810 3647 consociari,
2882 3559 3000 3629 sed

785 3664 914 3733 alio
943 3663 1175 3752 modo,
1224 3664 1588 3757 patiantur,
1639 3663 2152 3756 perversitatem
2177 3662 2473 3753 aliquam
2497 3661 2567 3733 iu
2589 3659 2999 3755 hyperbole,

785 3790 959 3857 quae
987 3768 1191 3837 risum
1227 3776 1516 3858 moveat,
1566 3769 1785 3836 inesse
1817 3774 2113 3857 oportet.
2216 3766 2437 3835 Huius
2477 3787 2656 3855 quae
2689 3766 2774 3835 sit
2803 3768 2996 3850 ratio,

784 3872 1040 3964 optime
1081 3880 1451 3945 monstrant
1491 3871 1805 3962 pictoreS,
1858 3891 2069 3959 quum
2116 3891 2238 3937 ora
2272 3879 2340 3941 et
2369 3870 2621 3937 formas
2648 3869 2997 3939 hominum

782 3977 1071 4068 pingunt
1103 3985 1568 4068 portentosum
1596 3974 1666 4042 in
1694 3972 1976 4045 modum
2003 3982 2376 4065 porrectas,
2404 3981 2800 4063 contractas,
2855 3974 2992 4043 dis-

784 4088 1020 4162 tortas,
1073 4078 1195 4146 sed
1250 4086 1327 4145 ut
1376 4086 1599 4146 tamen
1648 4088 1717 4146 et
1768 4077 2034 4169 'species
2087 4086 2354 4145 maneat
2397 4075 2727 4166 humana,
2792 4086 2899 4161 et,
2941 4077 2991 4146 si

784 4192 1118 4250 certorum
1183 4181 1535 4249 hominum
1596 4181 1851 4248 faciunt
1910 4181 2274 4273 imagines,
2349 4182 2550 4257 etlam
2611 4181 2987 4249 similitudo.

782 4284 1001 4352 Multa
1022 4284 1409 4353 huiusmodi
1433 4287 1502 4353 in
1527 4285 1748 4357 Plauti
1777 4283 1994 4353 Milite
2033 4294 2313 4369 exstant,
2367 4294 2436 4352 et
2464 4286 2611 4375 quis
2637 4306 2774 4353 non
2808 4285 2986 4353 novit

783 4388 1120 4458 celebrata
1142 4388 1258 4457 illa
1280 4388 1777 4457 Munchusiana
1794 4437 1815 4471 ,
1869 4389 1984 4478 qui
2021 4389 2192 4458 liber
2225 4389 2373 4457 fere
2408 4396 2588 4456 totus
2637 4410 2724 4456 ex
2751 4389 2983 4455 talibus

781 4503 882 4558 est
924 4491 1321 4584 hypsi-bo&
1372 4493 1784 4585 compositus
1803 4493 1839 4561 ἓ
1890 4492 2038 4564 Sed
2059 4493 2351 4569 Luciani
2389 4501 2538 4565 utar
2579 4514 2665 4561 ex
2703 4492 2983 4561 Timone
