3259 5275
738 501 868 568 12²
1406 497 1525 559 nn
1597 496 2153 561 unrlcvu
2200 493 2298 564 ἂν

740 694 900 787 lege
938 678 1156 761 iuberi
1183 685 1350 757 dicit
1384 695 1708 781 prytanea
1748 682 1923 770 τοιῖς
1959 687 2099 782 μὲν
2127 684 2460 812 οἱκαιρεῖιν
2493 690 2644 768 τιῖκ
2687 687 2961 788 νόμον,

736 823 900 878 τους
929 795 1006 868 δὲ
1032 789 1522 882 καταλείπειν,
1577 788 1766 873 ὅπως
1796 819 1889 865 ατ
1904 790 2004 873 εἷς
2032 788 2079 889 ᾗ
2095 788 2346 886 νόμος,
2397 793 2517 869 καὶ
2541 823 2645 895 μη
2629 789 2962 881 πλείους

737 897 905 996 περι
936 889 1231 992 ἑκάστης
1259 888 1595 990 πράξεως.
1671 895 1914 967 Nullus
1944 896 2117 967 liber
2147 897 2389 967 omiffit
2412 900 2899 992 particulam
2843 929 2960 991 ar,

738 1013 810 1074 et
864 1012 1093 1070 tamen
1141 997 1493 1067 fatendum
1553 998 1681 1067 erit
1728 998 1926 1069 valde
1965 1022 2120 1069 eam
2152 1001 2451 1071 inutilem
2501 1026 2684 1092 esse,
2746 1027 2960 1096 quum

737 1107 890 1178 finis
937 1102 1268 1173 indicetur
1311 1102 1750 1190 certissimae,
1802 1111 1885 1173 ιιι
1933 1125 2084 1174 uua
2127 1105 2249 1175 lex
2286 1106 2405 1177 sit.
2507 1106 2653 1178 Sed
2693 1108 2962 1179 videtur

737 1207 1110 1282 Aeschines
1155 1216 1446 1299 propter
1490 1205 1875 1296 sequentia,
1925 1207 2046 1279 καὶ
2091 1201 2201 1303 μή
2242 1208 2564 1301 πλείους,
2614 1213 2959 1304 posuisse·

739 1324 810 1387 et
834 1314 927 1382 ita
956 1320 1144 1380 recte
1177 1309 1376 1380 dixit.
1426 1309 1749 1403 nesorte
1766 1310 2026 1402 plures
2057 1311 2224 1383 sint.
2323 1313 2562 1383 Paullo
2593 1315 2787 1384 aliter
2810 1316 2960 1385 De-

736 1416 1126 1488 mosthenes
1173 1412 1263 1482 de
1307 1413 1672 1539 Symmor..
1692 1436 1767 1505 p.
1805 1411 1975 1501 184,
2019 1412 2092 1483 9.
2138 1411 2248 1488 εἶτ
2260 1409 2792 1542 ’ἐπικληρωσαι
2829 1444 2962 1500 τας

738 1519 1083 1646 τριττῦς,
1138 1514 1328 1598 ὅπως
1367 1544 1461 1590 αν
1489 1566 1511 1607 ,
1563 1517 1713 1590 τῶν
1720 1516 1881 1638 „utu
1915 1515 2103 1591 ὅλων
2135 1518 2488 1614 νεωρίων,
2539 1519 2619 1593 ἓν
2637 1514 2962 1643 ἑκάστης

735 1616 1040 1720 μέρος
992 1651 1037 1719 ῃ
1087 1619 1235 1694 τῶν
1277 1620 1555 1739 φυλῶν·
1607 1619 1751 1691 τοῦ
1798 1619 1874 1692 δὲ
1912 1621 2179 1715 μέρους
2216 1615 2527 1696 ἑκάστου
2563 1616 2658 1697 vo*
2699 1627 2961 1720 τρίτον

734 1729 957 1849 μέρος
988 1721 1034 1820 ἦ
1069 1747 1369 1820 τριττυς
1394 1723 1559 1818 ἔχῃ·
1613 1721 1855 1817 εἰδῆτε
1886 1717 2002 1810 δ,
2054 1720 2147 1795 ἄν
2176 1750 2253 1796 τι
2284 1725 2442 1821 δέῃ,
2490 1725 2791 1846 πρῶτον
2822 1727 2962 1818 μὲν

735 1823 873 1927 τήν
907 1821 1169 1949 φύλην,
1215 1821 1401 1923 5nov
1428 1825 1811 1898 τέτακται·
1861 1852 2052 1917 μετα
2078 1825 2316 1900 ταῦτα
2350 1827 2427 1901 δὲ
2455 1855 2593 1917 την
2609 1822 2959 1959 τριττύν·

737 1928 899 2006 εἶτα
946 1922 1381 2058 τριήραρχοι
1423 1925 1655 2015 τίνες,
1721 1925 1840 1998 καὶ
1876 1921 2195 2023 τριήρεις
2241 1927 2504 2003 πόσαι·
2567 1931 2689 2003 και
2732 1926 2963 2056 τριά-

733 2060 962 2108 κοντα
1005 2031 1144 2124 μὲν
1187 2027 1230 2149 ή
1275 2024 1505 2128 φυλή,
1570 2032 1739 2103 δέκα
1785 2026 1856 2101 δ’
1899 2027 1943 2125 ἦ
1989 2057 2289 2125 τριττυς
2331 2026 2594 2131 ἑκάστη
2638 2029 2965 2130 τριήρεις

736 2139 887 2233 ἔχῃ.
990 2135 1129 2222 Qui
1179 2132 1275 2202 sic
1319 2133 1508 2228 loqui
1546 2131 1813 2201 videtur
1864 2132 2051 2223 quod
2096 2133 2270 2202 haec
2317 2136 2468 2227 ipse
2509 2136 2845 2229 proponit
2896 2147 2966 2207 et

736 2239 1016 2325 suadet,
1066 2246 1143 2306 ut
1182 2235 1462 2307 dubium
1493 2236 1578 2306 sit
1609 2235 1872 2324 adhuc,
1924 2259 2011 2305 an
2040 2236 2282 2305 facturi
2321 2239 2450 2307 sint
2488 2239 2960 2314 Athenienses.

733 2342 949 2436 Apud
980 2341 1341 2411 Nicolaum
1369 2344 1865 2412 Damascenum
1898 2363 1974 2432 p.
1996 2336 2165 2411 245.
2193 2341 2263 2409 in
2290 2339 2525 2411 Corais
2552 2342 2964 2429 Prodromo,

733 2457 812 2517 ut
844 2446 1008 2516 ferri
1029 2444 1249 2571 possit
1280 2443 1373 2518 ἄν
1389 2497 1417 2536 ,
1472 2444 1693 2536 aptius
1720 2453 1947 2511 tamen
1974 2444 2268 2513 abesset:
2322 2444 2446 2516 καί
2467 2441 2556 2538 μ’
2598 2449 2697 2529 εἰς
2728 2449 2963 2522 τοῦτο

731 2544 967 2647 μόνον
1009 2546 1407 2645 ἧρθρωσαν
1451 2576 1524 2623 οι
1572 2545 1777 2631 θεοί,
1831 2543 2017 2627 ὅπως
2064 2546 2158 2619 ἂν
2194 2541 2574 2643 όδιῖρωμαι
2608 2544 2741 2632 τοῖς
2781 2578 2967 2649 ημε-

733 2655 948 2749 τέρας
975 2646 1216 2744 τύχας.
1316 2655 1545 2746 Atque
1587 2651 1807 2721 omisit
1843 2650 1914 2718 iu
1955 2650 2195 2720 eadem
2237 2654 2563 2721 sententia
2596 2654 2968 2748 Euripides

730 2758 905 2828 Hec.
937 2753 1114 2828 236.

942 2905 1104 2985 οὐδ’
1138 2907 1396 2981 &assiu
1429 2935 1527 3000 με
1553 2902 1781 2996 Ζεύς,
1833 2906 2090 3029 τρέφει
2127 2902 2233 2997 δ’,
2287 2904 2474 2988 ὅπως
2502 2904 2652 3004 ὁρω

939 3039 1174 3087 nautor
1203 3004 1354 3084 κάκ’
1387 3009 1568 3085 ἄλλα
1593 3004 1874 3102 μεῖζον
1906 3036 1948 3103 η
1980 3000 2244 3083 τάλαιν
2277 3003 2435 3104 ἐγώ.

733 3169 894 3255 Quo
945 3167 1183 3236 clarius
1237 3163 1412 3233 haec
1455 3163 1741 3257 intelligi
1778 3162 2072 3255 possint,
2139 3185 2393 3255 operae
2436 3164 2734 3256 pretium
2801 3157 2965 3232 duxi

733 3274 935 3342 etiam
986 3267 1353 3363 Sophoclis
1401 3275 1603 3356 atque
1661 3264 2005 3358 Euripidis
2049 3264 2235 3334 locos
2253 3314 2275 3352 ,
2342 3267 2411 3334 in
2452 3268 2693 3358 quibus
2751 3264 2844 3348 ὥς
2897 3276 2967 3336 et

735 3374 923 3457 ὅπως
953 3376 1064 3444 vel
1088 3371 1343 3460 nudae,
1395 3372 1504 3440 vel
1535 3370 1933 3439 coniunctae
1964 3390 2121 3436 cum
2151 3367 2243 3441 ἂν
2271 3369 2730 3462 inveniuntur,
2783 3369 2964 3439 indi-

697 3497 926 3565 ‘care,
989 3487 1100 3565 ut,
1161 3477 1278 3566 qui
1325 3497 1473 3543 rem
1537 3473 1863 3565 exemplis
1911 3472 2425 3564 comprobatam
2457 3472 2691 3544 videre
2734 3474 2966 3561 velint,

730 3581 1027 3650 habeant
1054 3579 1373 3648 idoneam
1414 3577 1707 3670 copiam.
1804 3575 2041 3665 Atque
2073 3572 2163 3656 αῖς
2190 3575 2447 3644 nudum
2491 3599 2650 3645 cum
2678 3579 2964 3646 coniun—

734 3684 911 3752 ctivo
939 3708 1053 3752 exs
1024 3683 1244 3752 statin
1271 3680 1488 3774 Soph.
1517 3682 1625 3753 Ai.
1660 3678 1781 3752 13.
1808 3677 1928 3747 67.
1960 3675 2132 3747 539.
2167 3676 2341 3748 579.
2375 3677 2550 3753 733.
2583 3678 2758 3749 744.
2785 3679 2962 3749 827.

733 3785 957 3855 1993.
1022 3787 1272 3854 Electr.
1320 3779 2433 3858 889.1166.1449.Οο(1.Β.
2487 3779 2660 3852 359.
2728 3785 2963 3877 Antig.

731 3888 908 3958 643.
975 3887 1157 3962 Oed.
1212 3888 1361 3958 Col.
1411 3887 1534 3956 11.
1602 3884 1777 3956 399.
1830 3883 2001 3953 783.
2062 3882 2235 3953 785.
2282 3883 2459 3959 889.
2507 3884 2685 3960 992.
2734 3886 2963 3955 1139.

738 3991 959 4062 1278.
992 3989 1218 4065 1399.
1263 3985 1485 4059 1524.
1539 3989 1797 4063 Trach.
1841 3988 2016 4057 333.
2056 3986 2229 4056 493.
2262 3986 2438 4062 678.
2473 3987 2697 4064 1967.
2732 3988 2960 4064 1149.

734 4093 962 4167 1253.
1017 4095 1304 4164 Ρ1ιὶΙοοι.
1335 4093 1453 4162 24.
1481 4091 1658 4162 534.
1686 4090 1862 4161 559.
1890 4085 2067 4165 635.
2096 4088 2269 4162 653.
2297 4090 2520 4162 1296.
2572 4092 2789 4186 Apud
2812 4094 2962 4162 Eu—

733 4199 1020 4292 ripidem
1065 4195 1575 4267 Ηοο.47.89.
1641 4195 1809 4265 175.
1869 4193 2045 4268 598.
2096 4189 2269 4263 536.
2321 4190 2499 4270 559.
2551 4194 2725 4265 896.
2781 4193 2961 4271 959.
3083 4190 3093 4202 ”

735 4301 956 4372 1921.
991 4300 1213 4370 1139.
1247 4298 1469 4370 1177.
1505 4300 1727 4370 1245.
1747 4298 1970 4369 Orest.
1988 4293 2160 4370 265.
2190 4296 2363 4368 446.
2392 4298 2566 4368 629.
2586 4297 2765 4373 732.
2789 4297 2960 4369 795.

733 4403 906 4476 797.
958 4402 1179 4475 1359.
1216 4401 1438 4474 1596.
1491 4405 1753 4477 Phoen.
1785 4397 1957 4471 788.
1996 4398 2213 4471 1659.
2244 4400 2466 4491 1675.
2511 4401 2732 4472 1687.
2764 4402 2960 4474 Med.

732 4508 905 4579 461.
941 4507 1114 4580 783.
1155 4505 1375 4577 1315.
1410 4507 1630 4579 1389.
1663 4507 1946 4600 Hippoi.
1966 4501 2139 4573 296.
2163 4504 2339 4575 429.
2367 4504 2544 4575 629.
2574 4504 2751 4575 899.
2785 4505 2959 4576 825.
