3259 5275
807 497 1666 563 HERMESIANACTIS
1721 497 2524 570 ELEG1.251

517 697 647 789 οἴω
686 685 759 766 δ’
788 687 1143 814 ἐχλίηνεν,
1197 687 1284 763 ὂν
1313 690 1561 782 ἔξοχον
1589 692 1761 820 ἔχρη
1792 683 2172 767 Απόλλων

362 795 465 866 90
613 788 1025 891 ἀνθρώπων
1056 792 1239 867 εἶναι
1275 790 1635 916 Σωκράτη
1667 800 1743 868 ἐν
1778 793 2040 891 σοφίῃ,

516 893 807 994 Κύπρις
837 896 1197 996 μηνίουσα
1226 892 1453 994 πυρός
1483 899 1720 991 μένει·
1778 903 1852 972 ἐκ
1882 899 1958 972 δὲ
1985 895 2290 996 βαθείης

619 1000 853 1098 ψυχῆς
882 1002 1329 1097 κουφοτέρας
1358 993 1729 1125 ἑξεπόνησ
1759 998 2000 1089 οένίας,

514 1106 659 1177 οἰκί
720 1110 788 1185 ἐς
820 1099 1212 1203 Ασπασιής
1242 1099 1731 1197 πωλεύμενος·
1789 1101 1966 1178 οὐδέ
1990 1133 2060 1177 τι
2092 1083 2370 1201 τέκμαρ

620 1204 821 1304 εὗρε,
876 1205 1106 1300 λόγων
1131 1201 1396 1287 πολλοῖς
1429 1200 1818 1303 ευρόμενος
1844 1201 2149 1288 διόδους.

361 1306 465 1381 95
519 1309 752 1407 ἄνδρα
784 1312 1213 1432 Κυρηναῖον
1245 1307 1314 1384 δ’
1340 1313 1503 1384 εἴσω
1533 1304 1770 1391 πόθος
1802 1313 2111 1385 ἔσπασεν
2141 1309 2460 1404 Ἰσθμοῦ

624 1407 889 1497 δεινός,
945 1412 1033 1486 ὅτ
1045 1408 1451 1536 ὀἱπιδανῆς
1484 1416 1766 1496 Λαΐδος
1794 1409 2123 1509 ἠράσατο

520 1512 680 1601 όέυς
705 1514 1224 1613 Αρίστιππος,
1277 1509 1511 1599 πιέσας
1538 1514 1615 1591 δ’
1648 1510 1968 1615 ἠνήνατο
1997 1519 2249 1608 λέσχας

621 1647 905 1717 φευγων
941 1615 1349 1711 οὐδαμένον
1378 1615 1766 1719 ἐξεφόρησε
1792 1619 1952 1715 βίω.

482 1965 585 2029 89.
630 1962 930 2041 Heringae
961 1962 1217 2023 debetur
1253 1959 1586 2044 ἕχλίηνεν“
1552 1987 1623 2027 ον
1652 1983 1770 2044 pro
1801 1963 1949 2044 ἕχλει
1955 1961 2214 2049 ῃ,μὲνον
2257 1963 2524 2024 Persona

309 2057 515 2109 autem
543 2049 916 2129 reliquorum
947 2049 1321 2127 emendatio,
1366 2069 1517 2153 quae
1551 2048 1617 2108 iu
1648 2049 1820 2112 codd.
1854 2050 2001 2109 Ven.
2032 2050 2212 2110 Laut.
2247 2049 2336 2108 sic
2380 2050 2526 2108 scri-

305 2144 417 2216 pta
448 2145 621 2210 sunt,
659 2133 841 2215 ἐχρῆν
872 2139 1113 2197 πολλῶν
1149 2129 1216 2198 δ’
1241 2128 1594 2238 ανθρώπων
1622 2130 1812 2215 εἶναι,
1854 2135 1920 2195 in
1953 2135 2078 2195 Pal.
2112 2146 2173 2196 et
2209 2133 2345 2195 edd.
2371 2143 2523 2196 vett.

306 2217 555 2306 ἐχρῆν*
588 2215 745 2284 εἶναι
778 2224 1016 2283 πολλῶν
1054 2215 1118 2283 δ’
1149 2214 1520 2303 ἆνθρωπων.
1539 2211 1606 2305 ¹²)

480 2311 585 2373 92.
633 2304 821 2365 codd.
861 2306 1010 2366 Ven.
1047 2308 1221 2367 Laur.
1249 2305 1645 2387 κουφοτέρας.
1735 2304 1858 2366 Pal.
1893 2304 2028 2366 edd.
2068 2314 2216 2367 vett.
2244 2328 2395 2389 κουρ
2398 2303 2521 2368 στέ-

306 2416 438 2474 ρας.
486 2385 863 2472 Ἐξεπόνησε
892 2412 1013 2451 non
1044 2392 1402 2452 mutaverim
1429 2400 1683 2472 propter
1714 2390 2063 2452 insolentius
2088 2388 2293 2451 addita
2320 2391 2385 2454 ἐκ
2409 2393 2522 2472 βα-

304 2480 495 2557 θείης
522 2481 746 2557 ψυχῆς.
834 2478 981 2536 Nam
1023 2497 1212 2556 quum
1239 2497 1317 2537 ex
1350 2477 1650 2557 profunda
1670 2486 1867 2537 mente
1899 2477 2160 2537 leviores
2189 2496 2363 2537 curas
2396 2478 2523 2537 ela-

303 2564 560 2625 borasse
607 2565 888 2623 Socrates
929 2563 1186 2641 dicitur,
1227 2564 1291 2622 in
1330 2562 1425 2623 his
1468 2583 1604 2624 eum
1637 2565 1797 2624 curis
1831 2572 2089 2623 mentem
2128 2583 2330 2640 suam,
2375 2563 2523 2624 alias

305 2654 375 2711 in
404 2650 588 2712 rebus
617 2650 980 2728 gravissimis
1007 2659 1394 2730 occupatam,
1451 2650 1790 2712 exercuisse
1819 2649 2113 2729 significat
2140 2659 2339 2731 poeta.

481 2734 584 2802 94.
629 2738 812 2797 Recte
841 2736 981 2796 libri
1006 2731 1185 2821 λόγῳ.
1269 2736 1405 2796 Hoc
1444 2737 1600 2797 enim
1629 2736 1785 2796 ‹h'eit
1820 2746 2035 2817 poeta,
2084 2756 2208 2795 non
2251 2735 2525 2816 potuisse

306 2822 472 2882 facto
516 2820 749 2881 finem‘
731 2825 1004 2883 invenire
1046 2824 1385 2892 Socratem,
1442 2843 1630 2902 quum
1681 2833 1885 2883 tamen
1937 2821 2140 2882 verbis
2184 2821 2413 2903 ubique
2457 2842 2523 2882 se

308 2907 599 3009 expedire
639 2906 966 2967 didicisset.
1052 2909 1189 2968 Non
1231 2908 1384 2968 male
1426 2909 1760 2989 legeretur,
1829 2902 1973 2972 ovo}
2009 2931 2066 2970 τι
2107 2906 2366 2991 τέκμαρ
2381 2901 2523 2991 εὗρ’

305 2991 341 3058 ὅ
366 2986 476 3077 λόγ
479 3015 527 3072 ῳ
558 2988 782 3066 πολλας
810 2988 1135 3073 εὖρόμενος
1167 2989 1431 3067 διόδους.

440 3017 585 3145 γ95.
630 3078 793 3137 Libri
824 3079 990 3138 MSS.
1031 3079 1322 3139 omittunt
1363 3073 1447 3141 6'.
1534 3079 1629 3138 Ex
1653 3093 1775 3158 quo
1808 3089 2091 3158 apparet,
2135 3100 2343 3140 veram
2378 3080 2522 3139 scri-

307 3173 555 3266 pturam
584 3184 748 3240 esse,
794 3184 972 3269 quam
1001 3164 1179 3225 etiam
1207 3164 1323 3224 alia
1352 3163 1803 3241 commendant,
1849 3161 2047 3246 ανδρα
2071 3163 2139 3227 δὲ
2164 3170 2524 3245 Κυρηναῖον

307 3251 426 3313 ἔσω
444 3244 653 3324 πόθος
680 3241 968 3312 ἔσπασεν’
972 3252 1213 3331 Ῑσθμοῦ
1244 3245 1458 3325 δεινός.
1546 3247 1760 3325 Δεινός
1785 3251 2081 3310 correctio
2111 3261 2203 3312 est
2239 3249 2523 3312 Ruhnke-

308 3336 392 3395 nii
421 3354 542 3416 pro
570 3327 794 3398 δεινόν.
883 3334 1002 3395 Sed
1038 3336 1197 3396 idem
1231 3336 1396 3414 quod
1431 3329 1735 3415 οἷπιδανῆς
1761 3339 1983 3396 mutari
2020 3337 2216 3396 voluit
2257 3339 2317 3396 in
2359 3359 2523 3400 ευπι-

307 3415 548 3499 θανης,
618 3430 784 3481 recte
827 3420 1063 3481 monuit
1106 3420 1741 3526 Schweighaeuserus‚
1787 3422 2158 3482 contrarium
2202 3421 2542 3483 dicendum‘

307 3506 519 3566 fuisse.
604 3506 1002 3566 scribendum
1033 3500 1381 3587 ἅπιθᾶνης,
1425 3527 1546 3566 non
1578 3506 1743 3587 quod
1782 3507 2122 3588 Aristippus
2153 3529 2282 3568 eam
2311 3528 2522 3586 magna

309 3590 569 3672 pecunia
599 3592 994 3667 conduxerit,
1038 3593 1143 3653 sed
1180 3593 1344 3673 quod
1383 3591 1600 3652 florida
1628 3601 1822 3654 aetate
1855 3593 2122 3654 difficilis
2172 3594 2344 3654 aditu
2383 3595 2521 3665 suit,

309 3678 387 3740 de
415 3695 539 3758 qua
564 3698 633 3738 re
660 3678 949 3760 scriptum
984 3679 1146 3759 apud
1175 3677 1546 3740 Athenaeum
1578 3678 1842 3785 xl11.p.
1881 3682 2025 3746 670.
2059 3680 2129 3738 Β.
2170 3682 2235 3742 C.
2274 3683 2419 3746 686.
2455 3682 2523 3741 D.

476 3767 583 3829 98.
632 3763 746 3823 Hic
789 3783 1031 3844 quoque
1073 3763 1500 3839 Ruhnkenius,
1543 3784 1735 3843 quum
1785 3758 2055 3846 ἠνήνατο
2094 3788 2341 3871 φευγων
2382 3786 2527 3825 con-

309 3847 627 3927 iungebat,
667 3850 930 3951 Oppiani
951 3869 1096 3909 usus
1120 3850 1323 3912 verbis
1352 3851 1572 3931 Cyneg.
1598 3850 1698 3909 ΠΙ.
1728 3853 1873 3917 875.
1907 3851 1963 3913 εἰ
1988 3847 2053 3912 δὲ
2079 3874 2117 3913 κ
2126 3844 2525 3933 ἀνηναμένη

286 3957 512 4033 κφευγῃ
550 3929 906 4013 φιλοτήσιον
957 3928 1171 4017 ευνήν,
1217 3958 1340 3997 non
1387 3936 1705 4014 cogitavit,
1746 3935 2023 4015 frigidius
2064 3936 2227 4017 apud
2267 3936 2523 3997 Herme-

311 4018 635 4080 sisnactem
665 4020 940 4080 additum
972 4022 1101 4082 sore
1131 4017 1397 4105 φεύγων.
1467 4020 1639 4095 Quae
1671 4033 2024 4101 sequuntur,
2073 4023 2523 4102 corruptissime

310 4103 375 4164 in
407 4104 582 4165 libris
619 4107 887 4187 scripta,
934 4100 1274 4188 οὗδαμένον
1311 4100 1633 4189 ἐξεφόρησε
1673 4109 1823 4188 βίω,
1866 4108 1927 4167 in
1969 4107 2064 4166 his
2105 4109 2213 4167 vix
2255 4107 2522 4168 dubitari

310 4198 547 4270 potest,
608 4191 756 4272 quin
792 4203 1025 4274 partem
1077 4195 1211 4254 veri
1255 4194 1483 4254 viderit
1534 4193 1871 4271 Porsenus,
1933 4213 2122 4273 quum
2162 4194 2423 4255 coniecit
2459 4194 2521 4270 ἐξ

450 4481 516 4605 h}
537 4478 730 4606 Ἴέἑρη
777 4482 934 4537 etiam
967 4482 1013 4535 Ι.
1052 4482 1118 4536 C.
1154 4481 1384 4537 Orellins
1420 4482 1561 4555 apud
1595 4483 1879 4538 Weberum
1895 4520 1914 4548 ,
1972 4487 2096 4536 aute
2129 4479 2273 4534 edita
2305 4479 2525 4587 Perenni
