3259 5275
784 460 916 526 m
1047 456 1162 516 DE
1205 451 1686 515 AESCHYLI
1727 452 2322 520 PROMETHEO
2366 452 2539 512 801.
2563 451 2741 515 VTO

785 646 972 715 muni
998 646 1254 732 famae,
1305 664 1482 732 quae
1510 641 1975 733 longissimum
2012 650 2281 734 tempus
2308 644 2378 711 in
2416 643 2698 736 rupibus
2725 667 2988 736 pepen-

785 749 966 818 disse
1012 744 1498 817 Prometheum
1556 743 1972 813 tradidisset:
2033 756 2392 835 utrumque
2453 748 2617 815 scite
2680 747 2994 817 devitavit

785 861 994 946 poeta
1025 873 1148 938 eo,
1199 848 1385 940 quod
1433 847 1520 916 de
1561 849 1838 916 exitioso
1875 846 2015 916 lovi
2052 849 2388 918 connubio
2428 851 2770 919 vaticinari
2818 854 2995 920 Pro-

788 955 1170 1041 metheum,
1221 965 1291 1022 et
1316 974 1525 1042 quum
1557 950 1646 1019 de
1686 974 1771 1019 eo
1815 952 2112 1042 apertius
2151 953 2379 1022 dicere
2424 965 2799 1040 recusaret,
2850 958 3000 1048 ipsa

790 1081 948 1127 cum
973 1081 1148 1150 rupe
1178 1058 1247 1126 in
1289 1066 1609 1124 tartarum
1642 1053 1911 1123 detrudi
1948 1054 2141 1143 fecit,
2191 1056 2564 1127 rediturum
2596 1058 2760 1126 olim
2789 1060 2859 1127 in
2886 1060 2998 1127 lu-

787 1185 940 1232 cem
985 1161 1222 1230 iisdem
1252 1158 1476 1227 adhuc
1518 1158 1794 1227 vinculis
1825 1161 2274 1230 constrictum.
2379 1161 2484 1229 Ita
2514 1162 2763 1229 iustum
2790 1164 2999 1230 finem

787 1267 1050 1358 accepit
1080 1265 1329 1349 fabula,
1380 1253 1603 1352 neque
1629 1271 1730 1330 est
1761 1261 1948 1351 quod
1975 1264 2111 1331 iam
2138 1265 2427 1356 amplius
2460 1266 2804 1355 requirant
2837 1288 2999 1358 spe-

787 1369 1111 1438 ctatores:
1154 1367 1269 1459 qui
1310 1367 1435 1435 etsi
1464 1364 1862 1434 audiverunt
1898 1367 2323 1459 gravioribus
2355 1369 2519 1442 olim
2554 1370 2790 1460 poeuis
2821 1368 2997 1437 affe-

788 1483 969 1541 ctum
1009 1473 1088 1540 iri
1118 1470 1637 1555 Prometheum,
1686 1478 1912 1537 tamen
1946 1492 2059 1539 eas
2083 1494 2261 1540 nunc
2292 1471 2568 1561 quidem
2591 1495 2730 1542 non
2759 1495 2996 1566 exspe-

788 1585 1006 1663 ctant,
1061 1576 1218 1666 quia
1250 1573 1503 1643 dictum
1532 1580 1679 1642 erat
1707 1596 1771 1645 v,
1800 1570 1973 1641 999.

986 1720 1272 1824 μακρὸν
1310 1727 1387 1800 δὲ
1415 1725 1642 1823 μῆκος
1673 1721 2177 1824 ἐκτελευτήσας
2208 1720 2520 1823 χρόνου,

992 1829 1328 1929 ἅψοῤῥον
1357 1826 1541 1927 ἥξεις
1569 1830 1637 1926 ἐς
1667 1822 1871 1926 φάος.

780 1988 1018 2075 Itaque
1071 2006 1208 2052 non
1257 1983 1595 2052 debebam
1642 1982 1868 2051 dicere
1909 1983 1978 2050 in
2024 1981 2485 2051 dissertatione
2523 1982 2612 2052 de
2647 1982 2990 2075 composi·

780 2090 961 2158 tione
999 2088 1537 2181 tetralogiarum‚
1590 2109 1723 2155 non
1757 2088 1848 2154 ita
1880 2085 2054 2153 finiri
2082 2085 2382 2155 fabulam
2401 2135 2421 2172 ‚
2468 2095 2545 2154 ut
2577 2096 2988 2178 spectatores

782 2216 918 2262 non
963 2191 1127 2280 quid
1181 2214 1392 2282 porro
1445 2191 1744 2258 futurum
1803 2198 1977 2258 esset
2010 2190 2446 2279 requirerent.
2553 2191 2712 2258 Non
2774 2191 2989 2283 magis

781 2296 1108 2365 Mercurii
1145 2295 1355 2363 verba
1395 2293 1674 2362 alteram
1706 2292 2005 2362 fabulam
2036 2316 2499 2362 successuram
2530 2316 2675 2363 esse
2704 2292 2989 2361 demon-

782 2407 1010 2471 strant.
1114 2397 1294 2465 Nam
1331 2398 1446 2465 ille
1475 2396 1662 2486 quod
1699 2396 1939 2488 rogat,
1983 2419 2069 2464 ne
2107 2396 2234 2464 sibi
2260 2398 2506 2466 iterum
2534 2397 2851 2466 veniendi
2877 2418 2988 2465 ne·

737 2565 744 2580 ,
783 2502 1161 2570 cessitatem
1202 2500 1649 2569 Prometheus
1700 2498 1977 2589 afferat,
2042 2493 2516 2569 'consuetudini
2539 2495 2990 2569 'tribuendum

781 2603 1050 2673 videtur
1101 2602 1441 2672 familiaris
1487 2603 1832 2674 sermonis.
1933 2603 2222 2673 Accedit
2267 2604 2455 2695 quod
2503 2604 2573 2673 in
2616 2602 2754 2673 hoc
2809 2603 2988 2673 dicto

779 2707 1036 2798 aliquid
1080 2707 1603 2777 comminationis
1651 2708 1856 2795 inest,
1910 2708 2105 2797 quasi
2153 2709 2364 2778 altera
2414 2708 2754 2809 legatione
2807 2718 2991 2776 atro-

781 2813 965 2880 ciora
1027 2811 1228 2879 etiam
1244 2862 1265 2898 ‚
1337 2833 1542 2901 quam
1587 2833 1801 2897 nunc,
1866 2810 2367 2913 denunciatum.
2470 2815 2564 2883 At
2615 2812 2688 2880 in
2747 2810 2991 2881 Soluto

777 2915 1191 2984 Prometheo
1220 2915 1276 2983 si
1315 2913 1548 2997 rediit,
1597 2914 1988 3008 paciscendi
2014 2916 2242 3008 potius
2271 2938 2503 2985 caussa
2529 2916 2808 2984 missum
2843 2936 2992 2985 esse

778 3018 1105 3087 credibile
1152 3028 1273 3087 est.
1375 3018 1500 3086 llla
1543 3027 1771 3087 autem
1788 3065 1809 3102 ,
1862 3018 2050 3108 quod
2109 3041 2245 3088 non
2302 3028 2458 3088 ante
2506 3019 2866 3088 liberatum
2913 3017 2991 3086 iri

777 3120 1260 3190 Prometheum
1294 3120 1492 3210 dicit,
1543 3144 1750 3213 quam
1781 3144 1993 3211 quum
2025 3121 2191 3191 alius
2218 3145 2347 3215 pro
2382 3145 2468 3192 eo
2500 3122 2670 3191 deus
2699 3123 2769 3191 in
2797 3119 2990 3192 Orco

777 3225 1001 3295 vivere
1045 3226 1366 3310 voluerit,
1424 3225 1751 3315 quodque
1796 3226 1951 3293 satis
1994 3226 2057 3294 ei
2092 3224 2390 3305 dandum
2418 3248 2548 3319 pro
2589 3227 2784 3295 tantis
2833 3247 2992 3293 cru-

778 3329 1058 3397 ciatibus
1088 3327 1442 3414 indicatur,
1486 3351 1572 3398 ex
1598 3352 1683 3397 eo
1715 3330 1970 3421 genere
1996 3339 2172 3413 sunt,
2209 3352 2296 3399 ex
2320 3353 2458 3421 quo
2485 3331 2778 3422 plurima
2801 3327 2990 3421 apud

772 3433 1069 3525 tragicos
1099 3433 1536 3501 inveniuntur.
1641 3432 1894 3501 Amant
1931 3432 2108 3500 enim
2137 3433 2364 3502 futura
2393 3432 2767 3503 secundum
2794 3454 2989 3501 com-

774 3557 1049 3605 munem
1075 3535 1350 3622 famam,
1392 3536 1880 3627 potissimeque
1896 3535 2076 3604 circa
2097 3537 2304 3605 finem
2331 3537 2737 3620 fabularum,
2779 3558 2986 3628 prae-

774 3637 1020 3707 dicere.
1123 3638 1218 3705 Et
1257 3638 1345 3707 de
1398 3639 1651 3708 vicario
1699 3638 1975 3729 quidem
2034 3641 2373 3732 aptissime
2415 3642 2512 3710 sic
2564 3649 2667 3708 est
2707 3639 2983 3724 dictum,

774 3752 849 3810 ut
872 3741 1305 3824 Ptometheo‚
1355 3765 1494 3810 non
1527 3743 1822 3835 speranti
1849 3765 2263 3833 quemquam
2304 3766 2436 3836 pro
2468 3767 2543 3814 se
2567 3743 2981 3829 moriturum,

772 3854 1086 3914 aeternae
1112 3866 1376 3937 poenae
1406 3844 1721 3938 portendi
1751 3845 2119 3918 videantur.

980 3947 1191 4034 Quod
1218 3950 1274 4017 si
1303 3971 1389 4017 ne
1419 3948 1525 4018 his
1561 3948 1835 4039 quidem
1870 3949 2196 4035 efficitur,
2247 3959 2323 4016 ut
2348 3948 2664 4018 Solutum
2695 3949 2980 4018 Ptome·

770 4052 1006 4120 theum
1051 4074 1207 4119 cum
1250 4052 1492 4121 Vincto
1536 4052 1927 4144 copulatum
1977 4052 2163 4122 credi
2206 4061 2559 4144 oporteat,
2611 4053 2833 4122 solum
2870 4074 2979 4121 re-

770 4156 1089 4246 linquitur
1125 4153 1520 4235 scholiastae
1562 4156 2013 4224 testimonium
2030 4207 2051 4243 ‚
2097 4156 2285 4247 quod
2314 4179 2474 4224 sane
2515 4177 2599 4225 eo
2634 4154 2854 4225 minus
2881 4163 2975 4224 est

770 4257 1371 4342 contemnendum,
1423 4259 1581 4349 quia
1622 4258 1803 4327 hunc
1846 4260 1915 4327 in
1951 4268 2098 4328 tota
2139 4259 2272 4328 hac
2309 4282 2545 4329 caussa
2575 4260 2848 4329 unicum
2879 4268 2943 4327 te

673 4372 954 4446 lostem
983 4361 1333 4430 habemus.
1434 4362 1505 4431 ls
1531 4362 1622 4431 ad
1650 4385 1712 4432 v.
1745 4360 1920 4438 510.
1947 4364 2040 4432 ita
2066 4363 2330 4433 scribit:
2385 4367 2463 4438 ἐν
2495 4355 2636 4459 γοῖρ
2686 4362 2797 4458 τῷ
2834 4359 2975 4457 ἑξῆς

770 4458 1099 4561 δράματι
1140 4458 1427 4539 λύεται·
1481 4462 1664 4565 ὅπερ
1695 4465 2040 4562 ἐμφαίνει
2065 4460 2448 4559 Αἰσχύλος.
2553 4465 2814 4536 Inserta
2836 4465 2969 4533 for-
