3259 5275
721 477 808 540 το
1401 475 1517 535 DE
1588 473 2150 539 PARTlchA
2192 472 2284 540 ἃν

1089 967 1591 1037 LIBER
1691 966 2570 1042 SECVNDVS.

1825 1156 1878 1226 1.

828 1310 998 1380 De
1096 1308 1541 1381 modis
1644 1308 2052 1390 verbi
2157 1308 2838 1405 obliquis.

666 1555 674 1560 ,
717 1447 1136 1553 Dicendum
1177 1504 1355 1550 nunc
1401 1491 1505 1551 est
1546 1482 1637 1552 de
1679 1484 1899 1553 modis
1924 1482 2115 1552 verbi
2147 1483 2468 1573 obliquis,
2521 1483 2935 1552 coniunctivo

717 1598 922 1679 atque
967 1587 1303 1680 optativo,
1369 1585 1459 1654 de
1505 1609 1798 1676 quorum
1844 1587 2340 1655 consociatione
2390 1609 2548 1655 cum
2599 1584 2933 1679 particulis

718 1691 810 1764 ἄν
841 1702 910 1761 et
938 1690 1060 1764 κέν
1091 1691 1222 1757 alia
1259 1688 1517 1758 ratione
1568 1691 2043 1782 explicandum
2091 1690 2248 1777 erit,
2302 1714 2506 1781 quam
2550 1713 2686 1780 qua
2734 1690 2799 1756 in
2835 1689 2934 1754 in-

717 1794 1012 1863 dicativo
1053 1794 1150 1861 uti
1195 1791 1458 1860 licebat.
1563 1794 1915 1862 Indicativi
1958 1794 2136 1860 enim
2171 1803 2406 1861 natura
2437 1803 2507 1861 et
2535 1793 2709 1862 ratio
2739 1812 2936 1881 quum

717 1898 1027 1966 omnibus
1070 1903 1307 1988 aperta
1345 1896 1467 1981 sit,
1521 1898 1774 1985 statim,
1827 1919 2002 1986 quae
2030 1897 2129 1963 vis
2168 1906 2347 1964 esset
2374 1896 2573 1965 huius
2612 1894 2833 1976 modi,
2884 1892 2934 1961 si

716 2000 1124 2070 adderentur
1162 1998 1535 2090 particulae
1569 2002 1733 2068 istae
1748 2050 1769 2088 ‚
1821 1998 2086 2067 ostendi
2118 2000 2375 2091 potuit,
2430 1998 2681 2068 deinde
2723 2007 2935 2066 autem
2999 2005 3008 2012 '

717 2103 806 2173 de
831 2104 908 2172 iis
939 2103 1386 2171 locutionibus
1406 2102 1561 2195 dici,
1614 2105 1683 2171 in
1718 2103 1963 2194 quibus
1990 2102 2238 2171 omissa
2264 2102 2480 2172 videri
2511 2111 2752 2195 posset
2779 2120 2935 2192 par-

711 2208 940 2279 ticula.
1048 2205 1469 2275 Coniunctivi
1527 2228 1695 2275 vero
1751 2216 1957 2296 atque
2017 2206 2297 2298 optativi
2363 2215 2608 2274 natura
2667 2226 2799 2273 non
2850 2202 2937 2268 ita

714 2311 1022 2379 omnibus
1080 2317 1243 2376 nota
1289 2317 1494 2398 atque
1538 2321 1909 2402 perspecta
1944 2318 2079 2396 est,
2130 2319 2207 2378 ut
2249 2308 2322 2376 hi
2362 2308 2550 2377 modi
2594 2307 2758 2399 quid
2804 2305 2935 2372 sine

709 2414 1054 2506 particulis
1100 2412 1241 2479 istis
1298 2411 1681 2504 significent
1734 2413 2137 2505 praeterire,
2207 2435 2289 2480 ac
2336 2412 2556 2480 statim
2609 2412 2699 2479 de
2755 2406 2934 2477 adie—

714 2518 936 2585 ctione
979 2537 1211 2583 earum
1259 2513 1351 2582 ad
1397 2536 1514 2583 eos
1558 2514 1804 2584 modos
1848 2514 2077 2583 dicere
2117 2516 2489 2607 possimus;
2540 2516 2753 2583 immo
2791 2519 2934 2578 ante

712 2619 940 2688 omnia
966 2616 1334 2688 videndum
1365 2619 1526 2706 erit,
1579 2641 1787 2710 quam
1829 2618 1957 2711 ipsi
1998 2642 2126 2710 per
2160 2643 2233 2688 se
2260 2619 2396 2687 vim
2423 2617 2752 2703 habeant,
2804 2631 2933 2703 quo

714 2721 1000 2806 deinde,
1055 2721 1221 2810 quid
1271 2721 1362 2790 ad
1409 2745 1561 2791 eam
1605 2722 1894 2792 adiectio
1932 2723 2195 2791 illarum
2244 2723 2729 2816 particularum
2774 2737 2931 2784 con-

626 2900 633 2903 ,
709 2827 889 2895 ferat
904 2873 924 2909 ‚
974 2824 1258 2916 intelligi
1289 2826 1518 2918 possit.
1948 2876 1957 2887 .

915 2928 1323 3020 Repetenda
1383 2928 1497 2997 hic
1559 2931 1803 3023 paucis
1857 2931 2192 3024 simulque
2243 2930 2705 3000 confirmanda
2769 2926 2931 3002 suut,

711 3053 890 3122 quae
920 3031 1079 3099 alibi
1124 3033 1512 3125 explicatius
1560 3034 1914 3125 disputavi.
2022 3036 2116 3102 Vt
2153 3034 2547 3103 indicativus
2596 3031 2936 3101 veritatem-

709 3136 907 3223 facti‚
973 3135 1067 3202 ita
1112 3138 1566 3206 coniunctivus
1613 3147 1820 3227 atque
1869 3138 2204 3228 optativus
2255 3161 2337 3206 ea
2356 3189 2377 3224 ‚
2442 3160 2620 3227 quae
2662 3130 2932 3227 possunt

707 3239 889 3327 fieri,
952 3239 1363 3331 significant:
1430 3242 1521 3309 ita
1567 3251 1793 3310 tamen
1809 3291 1829 3327 ,
1881 3249 1956 3307 ut
2002 3242 2461 3309 conjunctivus
2511 3241 2629 3309 illa
2669 3232 2927 3309 indicet,

710 3365 888 3433 quae
922 3353 1209 3435 propter
1241 3345 1534 3434 aliquam
1558 3345 1858 3436 ipsarum
1882 3367 2132 3431 rerum,
2173 3345 2262 3413 de
2291 3345 2534 3434 quibus
2565 3358 2786 3413 sermo
2814 3337 2928 3414 est,

666 3526 677 3533 ,
711 3446 1167 3514 conditionem
1212 3448 1553 3516 eveniant:
1618 3448 1801 3516 unde
1831 3457 2010 3516 totus
2056 3447 2149 3515 ad
2198 3447 2680 3540 experientiam
2719 3436 2928 3508 refer-

711 3558 822 3615 tur
884 3570 969 3615 ex
1024 3571 1239 3637 eaque
1288 3550 1583 3642 pendet;
1651 3551 1988 3642 optativus
2037 3561 2263 3619 autem
2315 3574 2494 3640 quae
2553 3535 2928 3640 cogitabilia

708 3659 864 3717 sunt
914 3650 1282 3741 significet:
1337 3675 1472 3743 quo
1499 3654 1579 3720 fit
1596 3704 1617 3739 ‚
1667 3662 1745 3722 ut
1775 3655 1979 3721 etiam
2016 3677 2100 3722 ea
2132 3652 2670 3746 comprehendat
2684 3699 2705 3736 ,
2759 3656 2926 3733 (11186

706 3753 857 3821 fieri
894 3765 1256 3842 nequeunt.
1361 3756 1665 3845 Vterque
1713 3756 1956 3825 modus
1970 3804 1993 3842 ,
2045 3757 2102 3825 si
2146 3779 2293 3826 rem
2337 3748 2630 3826 severius
2677 3763 2924 3840 expell·

709 3854 928 3923 dimus
947 3907 964 3932 ‚
1018 3879 1155 3925 non
1186 3866 1414 3948 potest
1449 3882 1575 3951 per
1612 3881 1687 3928 se
1727 3859 1906 3929 solus
1939 3868 2117 3930 stare
2142 3912 2163 3950 ‚
2216 3860 2340 3929 sed
2373 3861 2634 3952 pendet
2682 3873 2767 3922 ex
2803 3843 2924 3960 alif}

705 3960 1267 4050 partem-ationis,
1374 3963 1553 4031 Nam
1581 3962 1887 4032 subtilior
1930 3986 2133 4052 quam
2172 3964 2398 4033 verior
2441 3973 2543 4033 est
2590 3952 2923 4050 Apononu

705 4061 1068 4153 disputatio
1094 4064 1210 4137 lib.
1237 4064 1361 4138 ΙΙΙ.
1397 4064 1485 4134 de
1509 4067 1768 4156 syntaxi
1796 4089 1857 4140 c.
1889 4064 2012 4135 28.
2040 4067 2474 4136 indicativum
2502 4075 2706 4156 atque
2731 4059 2921 4146 opta·

701 4165 915 4233 tivum
944 4166 1037 4233 ita
1068 4165 1282 4236 dictos
1317 4170 1643 4237 censentis
1666 4223 1687 4258 ‚
1741 4169 1928 4259 quod
1958 4171 2081 4238 soli
2110 4193 2240 4263 per
2270 4194 2367 4257 se,
2419 4172 2589 4238 alter
2632 4183 2775 4234 esse
2801 4150 2913 4221 ali·

700 4266 869 4357 quid
885 4322 912 4356 ‚
989 4269 1158 4337 alter
1216 4272 1439 4363 optari
1484 4272 1899 4366 significent,
1953 4273 2451 4341 coniunctivum
2498 4281 2721 4342 autem
2770 4250 2918 4326 inde

701 4392 952 4440 nomen
995 4362 1288 4460 habere,
1340 4376 1566 4466 quod,
1621 4399 1830 4465 quum
1874 4399 2002 4467 per
2035 4400 2109 4445 se
2141 4376 2307 4445 nihil
2343 4376 2712 4468 significet,
2762 4377 2917 4453 1³²¹·

700 4474 903 4544 ticula
956 4475 1295 4573 indigeat,
1351 4501 1507 4549 cum
1555 4502 1691 4569 qua
1738 4480 2188 4574 coniungatur
2225 4502 2310 4549 ex
2347 4501 2565 4570 eaque
2611 4463 2912 4568 pendeat-
