3259 5275
650 520 702 586 Β
1334 512 1450 572 1>ss
1491 508 2029 572 manuvea
2072 505 2168 573 ἂν

660 714 812 776 ante
839 725 1012 774 nunc
1038 708 1198 796 post
1223 698 1318 775 ἄν
1355 710 1726 794 ponuntur,
1775 697 2003 795 prouti
2038 700 2254 792 magis
2279 700 2371 771 ad
2397 722 2870 794 praegressum

657 830 933 893 vocem,
981 807 1090 876 vel
1118 804 1209 873 ad
1239 812 1451 874 totam
1479 806 1870 875 sententiam
1896 813 2219 896 spectant.
2298 805 2482 890 Quin
2509 806 2664 875 illae
2689 828 2870 897 quo·-

658 933 797 1002 que
830 909 1324 978 coniunctiones
1341 960 1363 996 ‚
1415 931 1583 998 quas
1607 918 1764 978 aute
1794 908 2220 994 dicebamus,
2270 909 2454 997 μέν,
2515 909 2600 982 δέ
2611 957 2633 996 ,
2700 903 2868 1005 γάρ,

658 1023 728 1082 et
768 1035 944 1104 quae
1001 1021 1154 1108 stunt
1198 1012 1370 1082 aliae
1399 1012 1821 1099 huiusmodi,
1875 1020 2061 1080 certa
2094 1010 2475 1080 conditione
2504 1012 2706 1098 etiam
2729 1022 2871 1080 sta-

654 1116 777 1185 tim
801 1123 962 1208 post
982 1114 1074 1187 ἆν
1103 1115 1534 1190 collocantur.
1638 1115 1752 1184 Fit
1772 1116 1931 1202 hoc,
1973 1113 2089 1182 ubi
2119 1112 2211 1187 ἄν
2239 1115 2348 1182 vel
2373 1115 2497 1187 κὲν
2523 1137 2679 1184 cum
2704 1138 2871 1209 par-

410 1266 415 1272 -
564 1283 569 1286 .
656 1220 873 1287 ticulis
918 1217 1469 1287 conditionalibus
1509 1219 1621 1287 vel
1675 1217 2185 1310 pronominibus
2230 1217 2520 1286 relativis
2562 1219 2673 1287 vel
2727 1219 2872 1287 aliis

656 1322 938 1390 vocibus
966 1322 1058 1388 ita
1078 1323 1503 1389 coniunctum
1523 1329 1645 1402 est,
1679 1331 1754 1389 ut
1781 1330 1896 1389 aut
1924 1319 2246 1389 coaluerit
2273 1342 2430 1389 cum
2460 1321 2538 1390 iis
2567 1322 2635 1390 in
2666 1344 2875 1391 unam

658 1411 1042 1512 dictionem‚'
1092 1433 1208 1491 aut
1236 1447 1368 1517 pro
1396 1447 1531 1493 una
1568 1433 1794 1493 tamen
1825 1413 2178 1492 habeatur.
2281 1423 2521 1514 ltaque
2551 1418 2682 1497 έοῖν
2708 1428 2870 1518 μέν.

657 1521 879 1600 ἐπεάν
910 1528 1026 1609 δέ,
1079 1524 1262 1599 ὅταν
1288 1518 1453 1622 γάρ,
1506 1520 1790 1600 ὁπόταν
1819 1554 1904 1600 τε
1936 1525 2211 1607 dicitur-3
2263 1536 2330 1594 et
2359 1527 2456 1595 sic
2481 1527 2683 1595 etiam
2709 1523 2873 1600 nir-⁸

656 1627 748 1701 ἄν
785 1630 905 1718 δέ,
960 1625 1149 1723 ἡνίκ’
1187 1628 1281 1701 ἄν
1325 1632 1442 1717 δέ,
1495 1636 1566 1698 et
1595 1628 1675 1709 ὃς
1709 1627 1803 1701 ἄν
1836 1630 1951 1716 δέ,
2003 1638 2080 1697 ut
2119 1628 2304 1720 apud
2348 1628 2777 1701 Herodotum
2813 1630 2875 1700 Ἰ.

656 1730 829 1799 138.
884 1731 1031 1800 vu.
1061 1729 1135 1816 8,
1170 1728 1243 1798 4.
1280 1729 1481 1812 iic-dr
1510 1732 1649 1824 μέν
1677 1757 1806 1804 νυν
1832 1731 2019 1823 apud
2048 1730 2362 1800 eumdem
2393 1732 2513 1801 111.
2542 1731 2664 1801 72.
2727 1732 2877 1802 Sed

653 1856 864 1924 quum
893 1833 1148 1901 divisim
1176 1834 1302 1901 ista
1326 1834 1658 1920 dicuntur,
1701 1844 1778 1901 ut
1813 1836 1884 1906 εἰ
1905 1832 2020 1919 ἄν,
2069 1856 2206 1902 non
2232 1845 2460 1926 potest
2479 1836 2675 1925 sequi
2703 1857 2876 1904 con-

652 1937 938 2023 iunctio,
991 1935 1114 2005 sed
1139 1936 1362 2005 media
1391 1937 1664 2028 ponitur
1688 1936 1858 2005 inter
1892 1959 2043 2021 eas,
2083 1945 2156 2003 ut
2186 1939 2256 2008 εἰ
2290 1933 2363 2008 δ’
2409 1935 2546 2025 ἄν,
2599 1938 2753 2012 ἐπεὶ
2794 1936 2873 2011 δ’

655 2038 783 2130 ἄν,
839 2036 967 2112 ὅτε
1005 2034 1077 2111 δ’
1126 2036 1239 2111 ἄν.
1343 2038 1541 2107 Vnde
1587 2039 1788 2107 etiam
1834 2035 2001 2111 εὖτε
2048 2034 2119 2111 δ’
2164 2037 2256 2110 οἷν
2289 2049 2357 2107 et
2400 2037 2608 2135 ἡνίκα
2660 2036 2733 2113 δ’
2779 2039 2876 2114 ἂν

650 2152 837 2212 recte
865 2141 999 2210 dici
1026 2150 1331 2234 apparet.
1436 2141 1531 2218 Et
1576 2140 1657 2221 ὃς
1700 2136 1773 2213 δ’
1822 2139 1915 2214 ἄν
1960 2140 2236 2230 quidem
2258 2142 2660 2233 plerumque
2698 2143 2876 2211 divi·

654 2247 778 2314 sim
831 2244 1073 2313 dicitur
1088 2297 1109 2332 ‚
1172 2244 1296 2312 sed
1327 2244 1473 2313 fere
1517 2265 1676 2312 cum
1725 2243 2022 2334 quodam
2073 2245 2422 2336 potestatis
2474 2243 2874 2316 discrimine.

651 2349 951 2418 Pertinet
993 2346 1131 2415 huc
1178 2348 1381 2414 etiam
1428 2339 1728 2436 τάχιστ’
1769 2343 1861 2417 ἄν
1904 2372 1989 2418 τε
2031 2345 2219 2438 apud
2265 2347 2585 2438 Thucyd.
2619 2348 2707 2422 11.
2748 2348 2875 2422 63.

651 2451 810 2525 Κὲν
853 2471 1016 2517 vero
1059 2471 1267 2538 quum
1312 2448 1444 2517 hac
1490 2447 1713 2516 forma
1754 2470 2122 2538 numquam
2157 2450 2493 2519 coalescat
2540 2473 2695 2519 cum
2744 2452 2875 2521 alia

652 2574 855 2635 voce,
890 2573 1179 2644 ⁸semper
1208 2551 1658 2621 coniunctioni
1684 2551 2146 2644 postponitur:
2201 2554 2272 2625 εἰ
2306 2554 2392 2626 δέ
2414 2580 2494 2626 κε
2525 2548 2635 2650 μή
2665 2548 2874 2627 δαίω-

655 2681 791 2728 ow.
846 2655 995 2724 Sed
1018 2654 1439 2724 Doriensium
1469 2653 1700 2747 lingua
1722 2654 1789 2722 in
1821 2680 1911 2725 κα
1939 2663 2265 2723 mutatum
2291 2657 2637 2727 coalescit:
2688 2658 2876 2727 unde

652 2757 1002 2852 praecedit
1032 2759 1607 2827 coniunctionem:
1642 2759 1813 2829 αἴκα
1850 2752 1933 2830 δ’
1972 2755 2163 2853 ἄρνα
2190 2752 2375 2855 λάβῃ
2407 2759 2622 2854 τῆνος
2640 2763 2871 2852 γέρας.

649 2863 879 2950 Atque
906 2860 1080 2929 haec
1111 2860 1383 2951 quidem
1414 2861 1502 2930 de
1545 2859 1987 2928 collocatione
2028 2860 2356 2929 universe.
2460 2863 2638 2933 Nam
2672 2865 2876 2957 plura

652 2987 739 3036 ex
758 2963 895 3037 hoc
924 2987 1178 3060 genere
1216 2962 1560 3034 infraenis
1586 2963 1752 3033 locis
1788 2962 2173 3057 promenda
2205 2970 2418 3035 erunt.

1707 3168 1826 3238 111.

1141 3319 1313 3393 De
1411 3320 2386 3419 significatu.

851 3477 1052 3546 Nunc
1095 3474 1183 3544 de
1213 3476 1587 3567 significatu
1635 3475 1875 3543 harum
1919 3476 2399 3568 particularum
2432 3475 2871 3568 explicemus.

646 3579 776 3649 Est
803 3591 1033 3647 antem
1061 3578 1226 3646 nihil
1254 3580 1320 3646 in
1351 3579 1734 3670 linguarum
1762 3580 2023 3647 ratione
2051 3578 2412 3663 difficilius,
2468 3603 2674 3670 quam
2701 3605 2873 3673 par-

646 3681 999 3750 ticularum
1049 3680 1183 3748 vim
1225 3704 1306 3748 ac
1336 3690 1741 3773 potestatem
1780 3683 2203 3774 perspicere,
2256 3681 2698 3773 distincteque
2744 3685 2873 3753 de-

651 3786 926 3853 clarare.
1031 3783 1227 3868 Quae
1257 3806 1468 3874 quum
1508 3784 1910 3875 plerumque
1946 3806 2147 3853 sensu
2188 3785 2484 3875 quodam
2520 3787 2873 3878 percipia-

647 3898 758 3956 tur
773 3938 793 3971 ‚
846 3909 931 3956 ex
972 3887 1271 3959 obscuris
1308 3896 1377 3957 et
1418 3887 1772 3963 latentibus
1814 3887 2191 3956 notionibus
2223 3888 2603 3979 prodeunte
2619 3939 2640 3976 ,
2684 3889 2874 3958 diffi-

649 3992 892 4059 cillime
915 3991 1220 4058 revocari
1250 3989 1342 4058 ad
1377 3990 1591 4058 claras
1633 4000 1702 4059 et
1727 3989 2065 4061 distinctas
2103 3992 2406 4059 notiones
2438 4000 2667 4082 potest
2684 4041 2706 4077 ,
2755 4015 2873 4060 re-

644 4103 1022 4183 vocataque
1070 4116 1279 4185 saepe
1326 4094 1663 4162 evanescit
1692 4092 1960 4185 magis,
2024 4115 2229 4182 quam
2273 4093 2874 4185 comprehenditur

644 4219 727 4265 ac
766 4197 1120 4283 retinetur,
1171 4206 1245 4264 ut
1275 4218 1449 4286 quae
1481 4196 1618 4265 hoc
1660 4197 1905 4288 ipsum,
1949 4196 2172 4263 sentiri
2201 4198 2459 4288 potius,
2515 4219 2721 4287 quam
2762 4197 2872 4265 in-
2977 4250 2986 4257 .

643 4300 857 4392 telligi
887 4299 1063 4368 velit.
1166 4299 1454 4367 Accedit
1482 4299 1673 4389 quod
1714 4299 2193 4391 plerarumque
2220 4300 2699 4391 particularum
2727 4309 2872 4368 tam

643 4404 831 4471 varie
855 4410 957 4470 est
980 4402 1172 4485 ratio,
1221 4411 1496 4492 tamque
1526 4402 1879 4492 multiplex
1905 4423 2088 4490 usus,
2127 4410 2205 4468 ut
2229 4402 2533 4491 quamvis
2573 4403 2873 4496 diligen-

641 4515 748 4605 ter
790 4505 1116 4599 explices,
1182 4513 1409 4576 tamen
1452 4527 1668 4600 aegre
1708 4502 2039 4594 invenias,
2101 4504 2291 4596 quod
2333 4505 2583 4596 ubique
2630 4516 2871 4599 aptum
