3259 5275
367 1598 543 1689 DE
640 1596 1295 1690 MENSVRA
1386 1593 2209 1709 VTRIVSQVE
2290 1603 2425 1690 ἄν.

281 2076 510 2188 Nihil
556 2121 660 2185 est
699 2113 888 2207 quod
941 2113 1382 2185 demonstrari
1429 2121 1759 2205 nequeat,
1810 2114 1864 2183 si
1908 2114 2058 2206 quis
2108 2114 2363 2188 habere
2392 2127 2499 2189 te-

282 2225 421 2287 stes
434 2268 456 2306 ‚
523 2241 730 2308 quam
793 2219 1011 2289 bonos
1074 2218 1332 2288 habere
1398 2217 1599 2286 satius
1669 2218 1893 2287 ducat.
1995 2218 2082 2288 Id
2132 2220 2376 2290 accidit
2429 2223 2500 2291 in

278 2344 598 2391 mensura
647 2322 742 2395 ἄν
790 2323 1162 2414 particulae
1178 2376 1200 2414 ‚
1250 2330 1395 2392 tum
1432 2322 1606 2409 eius,
1660 2343 1866 2412 quam
1903 2324 2339 2414 potentialem
2368 2347 2496 2394 vo·-

282 2434 471 2512 cant,
540 2433 686 2494 tum
736 2426 959 2511 illius‚'
1009 2449 1186 2517 quae
1252 2447 1337 2494 ex
1387 2418 1517 2499 ἑοῖν
1583 2433 1928 2493 contracta
1998 2435 2068 2495 et
2118 2425 2211 2499 ἄν
2283 2436 2353 2496 et
2406 2426 2499 2527 ἢν

276 2529 779 2621 pronunciatur.
899 2529 995 2599 Et
1053 2530 1122 2599 in
1171 2528 1289 2597 illa
1340 2527 1617 2619 quidem
1666 2529 2035 2620 permirum
2087 2551 2169 2598 ac
2216 2553 2498 2623 prorsus

274 2631 671 2703 incredibile
722 2641 934 2724 esset,
995 2632 1051 2702 si
1100 2632 1324 2702 brevis
1377 2643 1555 2702 esset
1604 2631 1898 2724 syllaba,
1965 2656 2145 2724 quae
2188 2656 2273 2702 ex
2324 2659 2498 2706 con-

272 2736 608 2806 tractione
669 2745 826 2805 nata
893 2744 997 2806 est
1010 2787 1031 2824 ‚
1098 2737 1493 2830 praesertim
1550 2759 1764 2826 quum
1802 2736 2025 2828 ipsum
2076 2731 2240 2821 ἐάν,
2304 2740 2496 2830 quod

271 2839 535 2931 primus
586 2839 1053 2910 animadvertit
1102 2839 1667 2934 diligentissimus'
1694 2839 1931 2908 talium
1979 2863 2205 2909 rerum
2252 2841 2494 2912 obser-

271 2949 471 3013 vator
535 2944 614 3013 P.
678 2942 1036 3012 Elmsleius
1056 2993 1078 3030 ‚
1161 2944 1464 3013 ultimam
1542 2941 1797 3011 habeat
1865 2931 2285 3034 productam.
2410 2947 2494 3014 ld

271 3045 600 3138 exemplis
664 3047 1083 3116 confirmavit
1133 3046 1226 3122 G,
1279 3046 1666 3115 Dindorfius
1743 3044 2005 3114 duabus
2057 3046 2127 3114 in
2177 3047 2492 3118 editioni-

267 3149 402 3219 bus
446 3150 925 3242 Aristophanis¹
970 3149 1060 3217 ad
1089 3149 1350 3242 vespas
1401 3172 1465 3217 v.
1502 3146 1675 3219 228.
1721 3148 1870 3230 ina,
1944 3170 2122 3237 quae
2164 3172 2226 3219 a.
2267 3147 2491 3225 1825.

266 3253 560 3347 prodiit,
632 3264 704 3323 et
764 3253 1103 3347 copiosius
1168 3253 1238 3321 in
1286 3251 1664 3324 novissima.
1786 3250 1974 3320 Addi
2024 3262 2309 3345 possunt
2358 3255 2490 3324 alia

267 3357 615 3449 exempla,
694 3367 771 3425 ut
821 3358 893 3425 in
956 3356 1367 3448 Appendice
1431 3352 1523 3421 ad
1584 3354 1960 3423 Stobaeum
2024 3355 2213 3447 apud
2281 3356 2486 3429 Gais-

263 3460 569 3549 fordium
615 3461 753 3530 vol.
802 3459 919 3529 lv.
985 3482 1059 3552 p.
1111 3456 1234 3528 76.
1288 3468 1358 3528 et
1401 3479 1580 3548 quae
1626 3457 1803 3527 infra
1853 3456 2240 3528 afferentur.
2344 3460 2486 3529 Pa-

262 3572 365 3632 tet
430 3587 599 3657 ergo
660 3564 902 3654 quibus
965 3562 1258 3656 pedibus
1307 3560 1580 3632 incedat
1627 3560 1744 3630 hic
1799 3584 2032 3632 versus
2083 3562 2272 3656 apud
2314 3562 2481 3633 Sto-

261 3667 513 3736 baeum
555 3667 839 3737 xxvu.
893 3664 982 3755 8,
1034 3664 1104 3735 3.

469 3797 602 3880 edu
650 3797 1040 3904 ἐπιορκῆσῃ
1092 3829 1240 3892 τις,
1293 3794 1517 3884 αὐτοὶ·
1565 3797 1855 3884 εὐθέως.

258 3959 501 4049 ltaque
527 3958 940 4028 Philemonis
983 3980 1214 4027 versus
1263 3955 1452 4049 apud
1501 3955 1818 4026 eumdem
1867 3954 2053 4032 xvi.
2094 3954 2164 4027 l.
2215 3957 2287 4029 in
2337 3979 2477 4049 quo

257 4055 392 4138 scir
442 4063 802 4154 legebatur
817 4113 839 4151 ‚
908 4062 1005 4132 sic
1045 4059 1475 4132 scribendus:

464 4214 561 4291 ἄν
613 4215 721 4298 οἷς
770 4217 1046 4311 ἔχωμεν
1063 4270 1093 4306 ,
1143 4215 1377 4296 τοῖςδε
1415 4212 1596 4311 μηδὲ
1648 4208 2025 4311 χρώμεθα.

251 4369 450 4440 Idem
498 4369 733 4440 vitium
781 4369 966 4441 xlv.
1016 4368 1087 4440 3.
1210 4368 1559 4462 Euripidis
1610 4369 1762 4440 libri
1810 4370 2158 4457 meliora,
2212 4367 2303 4468 ἢν
2354 4367 2467 4437 os-

250 4474 549 4546 ferentes
563 4525 589 4565 ,
654 4481 1105 4548 removerunt.
1227 4473 1642 4547 Tollendum
1707 4475 1909 4547 etiam
1959 4495 2043 4542 ex
2094 4471 2227 4540 alio
2287 4470 2465 4539 Phi-
2533 4492 2568 4525 x
