3259 5275
1075 499 1257 564 LIB..
1300 498 1343 561 Ι.
1431 498 1629 560 CAP.
1674 500 1775 563 12.
2437 506 2520 570 61

295 690 453 760 illud
500 698 729 758 autem
772 688 962 779 quod
995 710 1079 782 p..
1110 685 1233 763 55.
1267 712 1352 758 ex
1386 688 1611 782 lphig.
1660 689 1727 757 in
1776 688 1925 758 Aul.
1970 686 2143 757 944.
2178 695 2518 785 apposuit,

293 797 488 888 plane
519 816 657 863 non
683 794 1022 885 pertinere
1067 793 1157 862 ad
1201 793 1628 864 omissionem
1667 792 2077 886 particulae,
2128 796 2290 885 quia
2328 801 2518 888 quod

292 897 589 967 Achilles
623 896 821 984 dicit,

494 1061 636 1161 ἐγω
686 1093 1023 1148 κακιστος
1074 1063 1163 1164 ἦν
1217 1065 1346 1165 ἄρ’
1403 1062 1754 1166 Ἀργείων
1807 1062 2036 1189 α’νήρ,
2109 1065 2120 1072 ’

436 1164 638 1265 ἐγω
688 1165 781 1244 *to*
825 1172 1091 1267 μηδέν
1144 1173 1525 1252 Μενέλεως
1577 1167 1653 1245 δ’
1706 1176 1784 1248 ἐν
1837 1165 2234 1294 α’νδροῖσιν,

496 1272 590 1355 οἷς
642 1273 808 1364 ουχὶ
860 1276 1194 1368 Πηλέως,
1250 1270 1414 1349 ἀλλ’
1467 1268 1873 1373 ἀλάστορος
1922 1268 2185 1370 γεγώς,

497 1379 701 1474 εἴπερ
757 1369 1054 1474 φονεύει
1103 1370 1388 1472 τοῦμον
1441 1375 1683 1472 ὄνομα
1735 1378 1840 1474 σῷ
1888 1372 2122 1452 πόσει.

287 1547 469 1617 hunc
507 1570 778 1620 sensum
822 1546 1067 1617 habet:
1133 1571 1249 1617 me
1292 1570 1482 1643 ergo
1521 1545 1852 1644 infimum
1899 1547 2394 1642 Argivorum,
2447 1559 2520 1620 et

286 1652 489 1721 nullo
524 1652 689 1721 loco
723 1648 1175 1734 habendum,
1231 1652 1657 1722 Menelaum
1707 1661 1953 1722 autem
1993 1652 2233 1721 virum
2274 1662 2521 1746 puta-

289 1753 417 1825 bat
469 1754 1026 1849 Agamemnon,
1096 1755 1162 1826 si
1200 1779 1359 1827 meo
1388 1756 1675 1825 nomine
1722 1757 1831 1824 ad
1881 1756 2190 1826 caedem
2213 1752 2522 1852 sacien-

290 1860 473 1928 dam
521 1858 871 1928 abutitur.
974 1859 1336 1951 Dionysius
1383 1883 1548 1929 vero
1595 1860 1755 1928 Hal.
1807 1861 1874 1928 in
1918 1869 2063 1928 arte
2114 1859 2286 1928 rhet.
2345 1884 2403 1929 c.
2449 1859 2521 1928 4.

289 1986 360 2055 p.
394 1960 575 2047 247,
619 1960 691 2031 9.
721 1962 827 2034 ed.
861 1962 1095 2031 Reisk.
1131 1962 1223 2031 ad
1248 1987 1451 2053 quem
1485 1965 1715 2031 locum
1741 1962 1856 2030 illa
1889 1962 2231 2032 adnotavit
2256 1962 2540 2032 Schae-.

287 2067 511 2155 ferus,
580 2088 791 2156 quum
832 2066 1098 2159 scripsit
1145 2061 1234 2161 ἦν
1282 2067 1421 2159 μὲν
1463 2092 1595 2140 ουν
1640 2064 1760 2138 καὶ
1801 2059 2006 2163 napo?
2042 2071 2360 2159 Σαπφοῖ
2397 2066 2526 2163 τῆς

288 2170 483 2250 ἰδέας
504 2162 772 2266 ταύτης
800 2168 1401 2267 παραδείγματα,
1446 2191 1583 2238 non
1630 2177 1733 2238 est
1777 2167 1851 2236 id
1891 2178 2076 2237 recte
2111 2168 2524 2238 Schaeferus

287 2273 375 2341 sic
420 2274 938 2365 interpretatus:
1011 2295 1274 2366 posses
1339 2272 1634 2365 quidem
1709 2271 1934 2342 etiam
1979 2272 2054 2340 in
2112 2270 2521 2367 Sapphicis

288 2375 629 2469 exmpla
663 2375 873 2447 hams
881 2374 1196 2468 formae
1223 2377 1572 2469 reperire.
1648 2376 1830 2445 Nam
1859 2384 1927 2445 et
1956 2372 2218 2471 ευρεῖν,
2274 2377 2329 2445 si
2353 2377 2524 2445 illud

286 2480 610 2549 voluisset
638 2481 957 2573 scriptor,
1009 2480 1267 2549 addere
1296 2479 1674 2570 debuisset,
1727 2501 1858 2550 nec
1877 2500 2180 2574 posses,
2233 2480 2356 2548 sed
2378 2502 2528 2574 po-

290 2592 501 2654 teras
546 2583 719 2652 verti
758 2584 1159 2678 oportebat,
1213 2583 1371 2674 quia
1409 2605 1549 2653 non
1589 2582 1751 2652 licet
1797 2604 2190 2678 opponere,
2258 2594 2343 2655 at
2380 2606 2528 2655 non

282 2696 498 2782 potes
552 2686 891 2756 invenire.
996 2689 1216 2757 Recte
1248 2710 1410 2756 vero
1445 2688 1766 2779 loquutus
1814 2697 1917 2756 est
1949 2687 2336 2778 Dionysius,
2387 2688 2527 2758 hoc

288 2793 559 2860 volens:
599 2790 673 2859 ἱπ
689 2800 1047 2885 promptu
1075 2799 1297 2860 erant
1325 2791 1664 2885 exempla
1690 2790 1763 2859 in
1789 2789 2218 2886 Sapphicis‚
2270 2790 2527 2884 quibus

290 2894 395 2965 nti
424 2901 824 2988 poteram:
887 2896 1024 2965 sed
1055 2895 1225 2964 nolo
1268 2894 1361 2964 iis
1406 2895 1532 2964 uti.
1638 2892 1785 2964 Sed
1826 2896 2000 2965 satis.
2020 2910 2042 2917 ·
2106 2894 2297 2964 Nihil
2348 2895 2527 2965 enirn

292 3020 467 3091 opus
500 2999 826 3091 exemplis
843 3046 891 3085 ‚⁷
918 3020 1093 3091 quae
1126 2997 1274 3090 quis
1315 3020 1399 3069 ex
1429 2996 1667 3088 quovis
1696 2997 2028 3092 scriptore
2057 2998 2327 3067 millena
2354 3022 2528 3091 pos-

293 3102 372 3170 sit
404 3101 751 3193 colligere.

494 3203 700 3272 Talia
742 3206 970 3296 potius
1012 3200 1262 3272 afferre
1310 3225 1565 3296 operae
1602 3204 1899 3298 pretium
1938 3212 2041 3271 est
2057 3251 2078 3290 ,
2156 3204 2227 3271 in
2283 3204 2528 3294 quibus

297 3306 603 3376 additum
633 3308 718 3376 sit
746 3304 866 3398 ἄν,
920 3307 1242 3399 quoniam
1273 3307 1363 3376 de
1395 3331 1478 3375 ea
1510 3331 1585 3376 re
1615 3307 1894 3397 quidam
1928 3305 2334 3374 dubitarunt.
2401 3305 2528 3375 Est

298 3411 467 3480 enim
507 3410 716 3480 etiam
756 3410 883 3480 illis
933 3410 1153 3481 verbis
1172 3460 1193 3499 ,
1238 3434 1415 3501 quae
1456 3410 1863 3504 plerumque
1909 3418 2141 3477 carent
2169 3408 2529 3503 particula,

296 3515 674 3583 necessario
725 3513 1076 3600 addenda,
1141 3514 1262 3582 ubi
1308 3515 1714 3583 contrarium
1750 3515 2016 3583 illorum
2061 3514 2424 3582 verborum
2459 3514 2530 3582 in
2619 3526 2626 3533 “

298 3627 517 3687 mente
542 3617 892 3687 habemus.
997 3617 1326 3709 Incipiam
1355 3618 1442 3685 ab
1475 3617 1720 3710 insigni
1751 3617 1840 3686 ad
1879 3607 2027 3685 rein
2055 3616 2530 3686 demonstran-

300 3719 454 3789 dam
491 3722 653 3790 loco
703 3719 1177 3791 Demosthenis
1227 3721 1297 3788 in
1352 3712 1528 3794 Nfid.
1573 3744 1651 3814 p.
1697 3716 1888 3809 525,
1976 3716 2095 3788 15.
2152 3723 2227 3793 εἰ
2274 3720 2532 3794 τοίνυν

301 3819 583 3948 α’πέχρη
610 3851 783 3907 τους
822 3829 976 3906 τοῖς
1011 3819 1439 3905 Διονυσίοις
1462 3852 1541 3897 τι
1570 3825 1970 3906 ποιοῦντας
1998 3850 2185 3896 κατα
2216 3817 2530 3904 τούτους

300 3953 464 4008 τους
490 3920 764 4018 νόμους
794 3927 995 4047 διίξην
1035 3921 1364 4016 διδόναι,
1419 3923 1712 4000 ουδὲν*
1661 3955 1754 4000 αν
1777 3927 2103 4021 προςέδει
2135 3926 2356 4000 τουδε
2389 3952 2528 3999 του

301 4023 558 4120 νόμου.
612 4026 777 4103 ἀλλ’
805 4057 937 4105 ουκ
971 4025 1269 4128 α’πέχρη.
1373 4029 1509 4098 Hic
1551 4031 1780 4100 omnia
1819 4052 1904 4100 ex
1935 4028 2318 4099 conditione
2348 4052 2530 4121 pen-

304 4130 498 4222 dent,
552 4141 622 4201 et
651 4143 888 4226 aperte
932 4132 1328 4227 oppositum
1359 4142 1499 4221 est,
1551 4128 1742 4209 α’λλα
1783 4136 2076 4231 προςδεῖ
2103 4131 2246 4207 τοῦ
2275 4127 2528 4227 νόμου.

304 4232 685 4328 Sophocles
717 4235 894 4308 oed.
929 4235 1079 4307 Col.
1113 4230 1340 4305 1365.

510 4408 580 4478 εἰ
627 4402 701 4480 δ
754 4406 1059 4501 ἕξέφυσα
1114 4400 1325 4489 ταςδε
1371 4434 1474 4504 μη
1526 4402 1811 4502 ’μαυτῷ
1860 4430 2183 4502 τροφους

509 4535 640 4590 τας
689 4512 987 4601 παῖδας,
1040 4506 1090 4601 ἦ
1145 4508 1288 4585 ταν
1338 4537 1470 4584 ουν
1522 4537 1617 4583 αν
1667 4505 1791 4600 ἦν,
1843 4537 1933 4584 το
1989 4535 2120 4583 σον
2171 4504 2408 4606 μέρος·
2483 4532 2488 4535 ’
