3259 5275
1021 421 1194 483 LIB.
1236 421 1335 482 IV.
1425 422 1616 485 CAP.
1667 425 1727 489 5-
2371 426 2493 489 191

273 614 457 706 quod
500 613 718 705 repeti
773 613 1008 704 possit.
1109 613 1353 703 Neque
1394 612 1572 682 enim
1625 611 1717 680 ad
1762 611 2159 703 praedicata
2198 615 2491 707 pertinet

271 719 360 791 ἄν
379 768 402 798 ,
469 717 597 785 sed
646 716 735 784 ad
774 716 992 808 ipsam
1034 716 1487 785 conditionem
1532 739 1618 785 ex
1673 738 1807 806 qua
1847 714 2108 808 pendet
2143 721 2490 803 sententia,

268 833 340 890 ut
374 820 453 900 ὃς
485 818 605 907 ἄν,
653 813 806 905 ἐάν,
860 815 949 897 οἷς
983 815 1093 890 άν.
1201 820 1432 904 Quare
1464 821 1665 889 etiam
1700 841 1908 909 quum
1935 818 2109 886 haec
2138 842 2270 910 per
2295 834 2491 914 opta·

267 927 480 993 tivum
509 923 579 990 in
609 922 954 1011 obliquam
1001 921 1369 991 orationem
1398 933 1782 1006 vertuntur,
1834 946 1967 991 non
2005 919 2235 1013 potest
2270 926 2493 994 iterari

267 1027 381 1100 ἄν.
492 1025 637 1095 Sed
666 1033 767 1094 est
798 1033 1023 1093 tamen
1038 1075 1058 1111 ‚
1110 1027 1234 1094 nisi
1267 1027 1500 1114 fallor,
1553 1026 1890 1117 quaedam
1920 1026 2269 1118 singularis
2299 1030 2491 1118 ratio,

267 1154 406 1222 qua
447 1129 661 1198 videri
718 1138 947 1221 potest
988 1129 1190 1197 etiam
1237 1152 1392 1198 cum
1453 1132 1875 1200 coniunctivo
1930 1130 2296 1222 repetitum
2348 1155 2493 1202 esse

266 1233 361 1307 ἄν
376 1289 404 1322 ,
464 1233 587 1302 etsi
618 1256 695 1300 re
725 1255 887 1300 vera
919 1255 1054 1301 non
1093 1242 1195 1300 est
1234 1234 1613 1325 repetitum.
1719 1233 1930 1326 Apud
1965 1234 2495 1326 Aristophanem

266 1339 333 1406 in
361 1338 502 1429 Eq.
559 1334 785 1404 11⁰7.
818 1336 1142 1429 scriptum
1174 1346 1333 1429 est„

480 1482 797 1562 άνύσατε
827 1490 958 1562 νῦν
972 1546 998 1579 ,
1055 1487 1101 1564 ὅ
1128 1519 1204 1563 τι
1238 1516 1372 1587 περ
1405 1484 1790 1587 ποιήσεθ’·
1841 1486 1932 1572 οἷς
1964 1484 2099 1582 ἐγώ
2116 1546 2144 1581 ,

481 1586 836 1687 ὁπότερος
864 1593 956 1666 ἄν
986 1594 1188 1687 σφῶν
1219 1590 1299 1667 εὖ
1328 1622 1425 1686 με
1457 1594 1737 1685 μᾶλλον
1772 1590 1864 1664 ἄν
1901 1592 2113 1691 ποιῇ,

484 1689 726 1791 τούτῳ
754 1691 1156 1793 παραδώσω
1193 1697 1319 1794 τῆς
1358 1690 1618 1778 πυκνός
1648 1691 1780 1777 τοῖς
1808 1693 2027 1794 ἡνίας.

268 1848 542 1920 Omittit
573 1848 813 1919 Suidas
847 1851 1111 1919 duobus
1145 1851 1213 1919 in
1258 1851 1425 1919 locis
1461 1851 1647 1942 prius
1684 1847 1776 1924 ἅν
1789 1905 1817 1940 ,
1863 1848 2052 1940 quod
2098 1847 2311 1917 omitti
2356 1871 2494 1918 non

265 1962 521 2047 potest.
626 1951 990 2046 Con-igere
1034 1954 1432 2023 studuerunt
1468 1977 1739 2023 versum
1788 1953 2148 2022 Elmsleius
2191 1953 2260 2021 in
2312 1952 2494 2022 Mus,

266 2057 434 2126 crit.
466 2055 587 2124 111.
621 2080 691 2149 p.
737 2054 909 2127 362.
965 2057 1308 2150 Reisigius
1355 2056 1660 2130 Coniect.
1695 2057 1749 2129 Ι.
1793 2081 1867 2150 p.
1899 2055 2071 2125 188.
2177 2057 2496 2126 Neutrius

268 2161 661 2229 coniectura
716 2161 878 2229 mihi
941 2164 1094 2232 satis
1152 2162 1525 2253 probabilis
1581 2161 1868 2233 videtur.
1984 2158 2131 2230 Sed
2192 2160 2497 2229 scriben-

268 2264 436 2332 dum
463 2272 637 2356 puto
658 2313 681 2351 ‚

483 2408 837 2513 ὁπότερος
868 2414 963 2488 ἄν
995 2417 1199 2512 σφῶν
1227 2412 1311 2490 εὖ
1335 2445 1433 2510 με
1452 2415 1736 2509 μάλλον
1765 2413 1877 2488 ’ἄν
1912 2413 2110 2512 ποιῇ.

267 2572 311 2645 i.
357 2594 417 2640 e.
451 2562 804 2667 ὁπότερος
834 2567 960 2655 ἄν,
1015 2569 1065 2643 ὁὶ
1093 2568 1185 2645 ἂν
1213 2570 1430 2668 ποιῇ,
1486 2570 1770 2665 μᾶλλον
1802 2563 1886 2644 εὖ
1925 2567 2105 2666 ποιῇ
2129 2594 2244 2660 με.
2348 2566 2495 2637 Eo-

269 2676 432 2744 dem
467 2695 746 2765 prorsus
774 2674 982 2742 modo
1023 2673 1473 2765 Thucydides
1514 2674 1661 2747 vll.
1699 2673 1769 2742 Ἰ.
1806 2674 2141 2770 πρέσβεις
2165 2699 2248 2744 τε
2292 2670 2502 2746 ἄλλοι

270 2778 419 2851 τῶν
467 2776 944 2873 Συρακοσίων
1004 2777 1125 2849 καὶ
1179 2777 1614 2876 Κορινθίων
1674 2781 1743 2859 ἐς
1798 2774 2326 2867 Λακεδαίμονα
2379 2773 2549 2876 καί,

279 2874 670 2976 Κόρινθον
720 2872 1270 3004 ἀπεστάλησαν,
1343 2878 1533 2962 ὅπως
1578 2873 1898 2977 στρατιά
1955 2881 2067 2952 ἔτι
2113 2877 2501 2974 περαιωθῇ

271 2977 526 3079 τρόπῳ
564 2978 623 3075 ᾦ
650 2981 742 3054 ἄν
790 2988 867 3055 ἐν
898 2980 1192 3056 ὁλκασιν
1226 2982 1275 3079 ἢ
1306 2983 1586 3064 πλοίοις
1617 2983 1664 3081 ἢ
1700 2982 1924 3064 ἄλλως
1957 2979 2144 3060 ὅπως
2191 2978 2284 3052 ἄν
2315 3006 2499 3076 προ-

273 3088 494 3182 χωρῇ.
563 3087 740 3154 Nam
763 3084 877 3153 hic
918 3108 1191 3177 quoque
1230 3086 1396 3156 nihil
1420 3088 1549 3156 nisi
1575 3087 1861 3156 verbum
1896 3083 2344 3177 repetendum
2376 3092 2496 3151 est.

270 3189 617 3259 Audacius
672 3189 856 3257 hunc
904 3190 1134 3258 locum
1184 3199 1513 3258 tentatum
1547 3190 1835 3259 arbitror
1873 3213 1916 3257 a
1973 3187 2350 3258 Schaefero
2408 3185 2501 3253 ad

271 3292 632 3362 Demosth.
663 3293 713 3360 1.
744 3316 814 3385 p.
843 3289 1017 3360 815.
1074 3293 1216 3362 Sed
1247 3295 1480 3362 vitium
1517 3295 1847 3384 repetitae
1892 3315 2047 3360 cum
2078 3288 2498 3360 coniunctim

272 3396 650 3489 particulae
679 3396 1106 3465 eximendum
1136 3406 1237 3465 est
1264 3397 1568 3466 Maximo
1595 3419 1660 3468 v,
1694 3394 1867 3466 598.
1898 3396 2014 3464 ubi
2041 3395 2319 3486 legitur:

483 3550 575 3632 ὥς
610 3548 687 3624 δὲ
716 3549 833 3622 καὶ
868 3551 1295 3644 εἰαρινοῖσιν
1329 3555 1407 3624 ἐν
1436 3544 1735 3641 ἰχθύσιν
1764 3539 2350 3646 αἰθροπολούσης

488 3645 834 3746 εὐκεράου
855 3647 1080 3751 μήνης
1104 3647 1317 3745 μόλις
1345 3656 1581 3728 οἴσεαι
1613 3651 1784 3727 ὅττι
1810 3651 1927 3726 καὶ
1961 3651 2203 3748 φῶρος

486 3758 585 3838 εἰς
614 3750 956 3850 παλάμας
982 3783 1102 3830 κεν
1130 3761 1302 3830 ἕλοι.

282 3908 639 3978 Abel-ravit
665 3908 753 3978 ab
796 3916 983 3977 recta
1021 3910 1131 3978 via
1167 3909 1526 3979 Dorvillius
1559 3909 1650 3978 ad
1698 3908 1900 3979 char.
1947 3929 2019 3999 p.
2055 3905 2223 3978 749.
2277 3901 2497 3996 (658.

286 4012 393 4081 ed.
429 4012 663 4106 Lips.)
767 4012 1008 4083 Scribe
1036 4010 1206 4088 ὄττι
1231 4041 1310 4088 ιιι
1340 4006 1579 4112 φωρός
1614 4016 1713 4095 εἰς
1741 4004 2079 4106 παλάμας
2108 4011 2308 4104 ἔλθῃ·
