3259 5275
975 500 1145 565 Lm.
1192 499 1297 563 lv,
1388 501 1587 564 cAP.
1630 507 1694 568 6.
1737 508 1801 571 ⁸1.
2383 512 2513 576 193

277 692 452 782 ἔχων
485 689 604 765 ἐπὶ
634 696 789 773 τοῖς
820 696 970 774 σοῖς
1001 687 1350 786 α’γαθοΐς,
1401 689 1687 776 πάντας
1717 695 1794 769 δὲ
1832 690 1983 789 apo*
2012 693 2159 769 τῶν
2189 721 2332 770 σων
2368 696 2504 781 ὦς-

273 820 406 890 περ
440 794 590 867 τῶν
621 793 824 868 ἰδίων
838 798 1332 889 μαχομένους·
1377 792 1796 893 θησαυρούς
1823 826 1903 891 γε
1929 793 2080 894 μήν
2108 800 2297 887 ἔχοις
2322 796 2506 874 ποίν-

271 924 399 977 τας
437 926 616 978 τους
662 924 864 995 παρα
914 924 1067 981 τοις
1114 898 1350 994 φίλοις
1395 895 1777 982 πλούτους.
1881 902 2297 972 Addendum
2347 915 2507 997 post
2594 950 2611 971 2

268 1001 457 1090 ἔχοις
494 1011 902 1070 censuerunt
934 1031 1029 1074 αν
1072 1002 1519 1089 ΞοΙιιιεῘειιιε,
1570 1004 1904 1092 Bremius·‚
1956 1007 2320 1098 Reisig-ius,
2372 1008 2503 1091 alii,

263 1125 392 1173 nec
441 1105 586 1174 sine
614 1105 1141 1226 probabilitate.
1247 1108 1405 1176 Non
1465 1106 1732 1176 videtur
1784 1116 2013 1177 tamen
2053 1111 2503 1179 necessarium

265 1229 450 1293 esse,
518 1209 676 1298 quia
719 1207 856 1277 hoc
908 1209 977 1276 in
1027 1218 1250 1279 mente
1292 1208 1592 1279 habebat
1638 1211 1967 1304 scriptor,
2041 1205 2376 1286 κινδύνου
2426 1209 2499 1287 δ

264 1339 355 1382 αν
387 1308 606 1391 ὄντος
635 1305 959 1402 μάλιστα
986 1312 1124 1405 μὲν
1152 1308 1418 1395 αύτους
1405 1308 1879 1437 προθύμους
1906 1313 2158 1412 ὁρῴης,
2204 1325 2501 1412 θησαυ-

265 1406 436 1509 ρούς
480 1442 564 1504 γε
605 1441 753 1510 μην
789 1416 979 1504 ἔχοις
1016 1442 1188 1496 τους
1233 1411 1477 1489 αύτων
1519 1410 1896 1498 πλούτους.
2002 1418 2231 1487 Minus
2279 1420 2499 1511 expli-

264 1526 414 1585 cate
451 1516 544 1585 de
595 1516 728 1585 hoc
771 1538 1027 1610 genere
1072 1517 1383 1587 disseruit
1420 1518 1756 1588 Matthiae
1789 1518 1881 1588 ad
1917 1521 2156 1615 Eurip.
2200 1522 2493 1613 Hippol.

260 1618 439 1688 468.
467 1644 544 1713 p.
578 1619 700 1688 44.
757 1622 875 1711 qui
904 1643 1111 1711 quum
1148 1630 1496 1716 negasset,
1545 1623 1732 1692 illam
1780 1626 2110 1695 rationem
2161 1625 2496 1716 quadrare

262 1721 328 1791 in
351 1723 533 1792 haec
567 1721 933 1816 Sophoclis
962 1724 1072 1798 El.
1110 1724 1284 1800 Ίθθ.

363 1880 464 1951 Π.
524 1872 790 1949 ου’κοῦν
823 1872 1342 1971 ἀποστείχοιμ’
1377 1879 1507 1971 ἄν,
1552 1908 1614 1952 ει
1605 1874 1818 1954 ’ταδ’
1846 1909 1924 1954 ευ
1961 1886 2180 1978 κυρεῖ

369 1983 465 2055 K.
522 1974 791 2077 ἥκιστ’
846 1980 1138 2076 ἐπείπερ
1178 1978 1348 2055 οὔτ’
1375 1983 1562 2073 ἐμοῦ
1594 1983 1944 2067 καταξίως

531 2023 911 2180 πράξειας,
965 2082 1136 2157 οὔτε
1171 2085 1315 2158 τοῦ
1339 2079 1833 2185 πορεύσαντος
1860 2089 2063 2171 ξένου
2076 2140 2107 2176 ,

253 2236 413 2306 vide
441 2256 624 2329 quae
655 2238 746 2306 ad
775 2261 932 2308 eum
954 2238 1183 2308 locum
1214 2238 1551 2312 adnotavi.
1641 2239 1847 2309 Adde
1879 2236 2059 2309 Oed.
2093 2238 2243 2309 Col.
2271 2237 2448 2313 997.

463 2385 692 2463 τίνα’
719 2388 846 2480 ἅν,
900 2388 1070 2467 ου’δὲ
1102 2389 1488 2466 τούνδικον
1519 2394 2002 2490 περιβλέποις.

251 2542 400 2615 Sed
418 2542 599 2612 haec
625 2545 929 2634 quamvis
959 2545 1230 2641 ingente
1259 2547 1517 2640 possim
1555 2546 2027 2640 exemplorum
2067 2546 2489 2619 multitudine

245 2649 697 2744 confirmare,
751 2650 907 2721 satis
939 2649 1023 2719 sit
1049 2650 1398 2741 quomodo
1421 2651 1787 2720 iudicanda
1814 2651 1946 2720 sint
1967 2650 2316 2724 indicasse.

1305 2857 1456 2930 vll.

561 3006 695 3077 De
746 3006 1397 3080 collocatione
1434 3010 2010 3106 particulae
2059 3004 2183 3082 ἄν.

457 3161 829 3252 Reliquum
856 3172 958 3231 est
982 3171 1060 3232 ut
1088 3163 1351 3234 dicatur
1381 3164 1470 3234 de
1493 3164 1939 3233 collocatione
1965 3163 2340 3254 particulae
2370 3161 2484 3250 ἄν,

247 3286 433 3356 quae
476 3266 808 3334 nonnullis
853 3266 923 3334 in
979 3269 1339 3360 generibus
1385 3267 1709 3358 loquendi
1753 3267 1865 3335 vel
1905 3266 2290 3334 insolentior
2339 3290 2486 3335 esse

246 3370 364 3437 vel
405 3367 661 3459 aliquid
700 3369 966 3438 videtur
1010 3372 1462 3462 perversitatis
1495 3372 1771 3440 habere.
1878 3369 2110 3455 Quum
2153 3368 2486 3461 particula

244 3472 366 3540 illa
395 3472 483 3540 sit
518 3473 587 3541 in
616 3473 692 3540 iis
709 3519 729 3560 ‚
783 3495 957 3563 quae
993 3497 1129 3544 non
1165 3486 1447 3568 possunt
1470 3475 1541 3543 in
1573 3476 1725 3568 ipso
1754 3473 1923 3564 poni
1954 3472 2268 3540 orationis
2293 3472 2485 3565 prin-

248 3576 434 3669 cipio
449 3623 474 3660 ,
527 3598 869 3666 quumque
900 3585 1135 3646 natura
1167 3602 1287 3649 sua
1313 3578 1402 3646 ad
1433 3578 1617 3647 aliud
1649 3576 1934 3646 verbum
1970 3576 2300 3644 referatur
2327 3598 2485 3645 cum

248 3701 480 3771 eoque
529 3680 612 3748 sit
661 3679 1053 3769 coniuncta,
1123 3704 1542 3773 consequens
1592 3688 1695 3750 est
1735 3680 2093 3773 proprium
2144 3680 2208 3748 ei
2253 3679 2484 3748 locum

248 3805 402 3852 esse
431 3784 652 3851 statim
683 3791 845 3875 post
876 3806 1029 3851 eam
1060 3807 1322 3872 vocem,
1370 3786 1461 3854 ad
1491 3786 1676 3854 cuius
1700 3784 2041 3852 notionem
2069 3784 2480 3852 constituen-

249 3885 411 3954 dam
445 3885 701 3976 aliquid
732 3886 1017 3961 confert.
1122 3889 1359 3980 Itaque
1387 3890 1646 3982 primo,
1695 3886 1881 3978 quod
1914 3884 2004 3953 ad
2039 3887 2482 3954 consociatio-

249 4011 408 4058 nem
446 3989 588 4057 eius
621 4011 774 4057 cum
808 3991 1231 4061 coniunctivo
1265 3993 1534 4083 attinet,
1589 3991 1905 4083 quoniam
1931 3989 2022 4057 ad
2049 3989 2247 4058 huius
2275 3997 2483 4081 pote·

249 4101 495 4162 statem
523 4091 919 4161 mutandam
958 4094 1122 4163 nihil
1152 4097 1446 4178 confert,
1499 4118 1638 4164 non
1666 4102 1896 4187 potest
1923 4101 2085 4185 post
2111 4091 2484 4162 coniuncti-

248 4217 412 4265 vum
443 4197 613 4289 poni
631 4248 654 4284 ‚
708 4196 833 4265 sed
866 4197 929 4265 ei
963 4208 1065 4267 est
1101 4200 1255 4268 voci
1298 4199 1709 4284 adiicienda,
1762 4220 1805 4265 a
1845 4219 1982 4285 qua
2013 4196 2274 4288 reg-itur
2309 4217 2483 4262 con-

248 4299 597 4369 inactivus.
701 4300 944 4390 ltaque
973 4294 1150 4381 ἑοῖν,
1210 4301 1288 4383 ὃς
1332 4300 1453 4383 ἄν,
1510 4313 1578 4372 et
1605 4321 2075 4394 quaecumque
2103 4306 2250 4366 sunt
2282 4295 2481 4366 huius

251 4404 518 4494 generis
559 4403 697 4471 alia
753 4403 1161 4473 coniunctim
1195 4415 1586 4499 ponuntur,
1653 4404 1778 4474 nisi
1820 4401 2043 4493 quod,
2099 4422 2308 4492 quum
2344 4422 2484 4468 non

249 4506 318 4575 in
344 4531 550 4577 unam
579 4506 696 4575 illa
723 4528 966 4576 vocem
999 4510 1406 4601 coalescunt,
1460 4508 1841 4580 coniunctio
1866 4503 2205 4598 interponi
2232 4509 2482 4597 potest,

352 4626 604 4697 Ηιιιιιι.
658 4624 791 4702 ΟΡ.
831 4627 948 4700 lV.
1990 4624 2060 4692 N
