3259 5275
1029 489 1206 552 LIB.
1251 491 1357 556 111.
1453 496 1647 560 CAP.
1690 501 1751 563 ὅ.
2386 517 2508 579 161

295 670 634 764 exempla,
688 674 877 765 quod
915 676 1003 746 de
1033 678 1112 749 iis
1155 681 1348 750 aliter
1375 685 1621 755 sentire
1652 688 1857 775 video
1881 686 2291 789 Reisigiuni‚
2343 703 2508 795 ipsis

291 776 500 844 verbis
527 776 924 852 adscribam.
975 782 1166 853 Iliad.
1195 793 1267 879 ῥ’.
1303 785 1479 862 34⁰.

383 933 459 1002 ἐν
485 932 658 1027 πυρὶ
692 927 782 1028 δή
802 935 1073 1027 βουλαί
1096 966 1179 1013 τε
1204 940 1542 1033 γενοίατο
1571 939 1813 1042 μήδεά
1850 945 1926 1020 τ’
1960 946 2267 1048 ἀνδρῶν.

280 1082 459 1172 quod
493 1085 606 1153 ille
646 1109 720 1177 p.
758 1086 926 1157 134.
965 1114 1091 1182 per
1121 1093 1662 1188 interrogationis
1703 1086 1996 1192 figuram
2029 1099 2502 1199 explicandum

279 1196 532 1257 censet:
588 1212 822 1258 canon
856 1215 1031 1285 opus
1061 1220 1228 1274 esse,
1268 1199 1422 1267 satis
1451 1200 1702 1271 docent
1728 1217 1993 1275 caetera
2025 1233 2200 1299 quae
2234 1235 2499 1285 memo-

275 1292 561 1369 ravimus
596 1297 930 1387 exempla.
1037 1299 1133 1367 Et
1159 1301 1348 1373 Iliad.
1385 1329 1447 1374 v.
1482 1303 1659 1380 426.

1438 1452 1604 1529 οὐδ’
1639 1456 1767 1554 ἄρ’
1802 1460 1911 1534 ἔτι
1946 1456 2078 1557 δήν

323 1540 721 1644 ..ἀλλήλους
755 1547 1216 1650 πτώσσοιμεν
1245 1552 1392 1631 dvo?
1418 1563 1818 1655 πτολέμοιο
1851 1559 2184 1663 γεφύρας.

267 1700 455 1790 quod
481 1726 554 1794 p.
585 1701 754 1774 130.
808 1709 1036 1777 nescio
1071 1732 1209 1799 quo
1247 1711 1446 1803 lapsu
1476 1714 1746 1785 soloece
1777 1718 2032 1787 dictum
2064 1732 2277 1807 ratus,
2332 1724 2496 1795 fecit

267 1815 336 1871 ut
376 1828 461 1873 eo
496 1808 779 1896 nomine,
803 1813 1442 1902 reprehendendum
1500 1818 1582 1885 sit
1618 1814 2061 1915 πτώσσοιμεν
2108 1827 2487 1897 scribendo.

265 1906 409 1976 Sed
443 1907 580 1979 od.
615 1940 679 2009 η.
715 1911 886 1983 314.
918 1916 1377 1989 scribendum:

1014 2050 1214 2126 οἷκον
1247 2058 1331 2129 δέ
1355 2052 1427 2128 κ’
1456 2051 1595 2150 ἐγώ
1622 2058 1740 2132 καὶ
1768 2053 2109 2155 κτήματα
2143 2062 2388 2162 δοίην,

360 2145 514 2222 αἴτι’
544 2148 816 2225 ἐθέλοιτ’
842 2182 923 2247 γε
962 2157 1227 2249 μένοις.
1317 2224 1322 2227 .

257 2303 487 2397 Vulgo
519 2306 594 2380 δὲ
626 2301 761 2399 ἐγώ
782 2331 801 2350 ·
857 2309 1056 2378 codd.
1086 2311 1384 2380 nonnulli
1415 2313 1500 2385 δέ
1526 2308 1602 2384 τ’
1642 2305 1796 2403 ἐγώ.
1869 2313 1985 2382 Sic
2019 2318 2220 2387 etiam
2253 2318 2389 2390 od.
2422 2329 2481 2397 λ.

258 2406 429 2481 103.
470 2421 658 2478 recte
692 2411 882 2482 Harl.
922 2422 989 2480 et
1018 2436 1187 2482 unus
1221 2416 1878 2487 vindobonensium:
1972 2430 1981 2437 “

356 2557 526 2638 ἀλλ’
552 2563 665 2637 ἔτι
694 2565 832 2658 μέν
866 2593 945 2639 κε
977 2562 1095 2640 καὶ
1130 2565 1245 2660 ὥς,
1301 2564 1486 2644 κακοί
1517 2598 1653 2667 περ
1691 2564 2119 2663 πάσχοντες,
2175 2580 2483 2653 ἵκοισθε.

251 2718 369 2786 ubi
395 2718 608 2810 vulgo
635 2719 773 2809 μέν
812 2747 893 2812 γε
933 2721 1051 2792 καὶ
1079 2719 1188 2803 ὥς.
1295 2723 1676 2793 Particulae
1709 2715 1785 2796 aab
1826 2726 1945 2797 καὶ
1977 2727 2240 2798 iunctae
2273 2754 2481 2823 repe-

247 2821 509 2889 riuntur
546 2823 744 2889 etiam
786 2824 977 2906 alibi,
1035 2834 1126 2892 ut.
1161 2827 1235 2899 ll.
1288 2852 1348 2898 0.
1394 2825 1566 2899 235.
1623 2838 1679 2910 ξ.
1740 2829 1915 2904 131.
1966 2829 2135 2899 370.
2185 2830 2477 2927 9.‚546.

250 2922 387 2995 Od.
429 2932 501 3018 β.
549 2922 718 2994 332.
770 2956 820 2999 ι.
853 2926 1024 2996 303.
1068 2928 1240 2997 334.
1291 2939 1361 2998 et
1391 2959 1511 3002 κεν
1544 2932 1664 3014 καὶ
1709 2936 1769 3003 λ.
1803 2931 1979 3006 339.
2085 2935 2218 3004 Vel
2256 2959 2340 3005 ex
2373 2937 2477 3008 his

247 3051 592 3121 apparere
640 3039 845 3121 puto,
914 3032 1099 3122 quod
1147 3019 1489 3101 contendit
1535 3035 1872 3127 Reisigius
1919 3059 1994 3128 p.
2046 3033 2216 3107 123.
2264 3041 2478 3111 omitti

235 3129 376 3215 ἄν,
443 3132 563 3200 ubi
607 3133 771 3222 quid
814 3134 1333 3227 hypotheticum
1385 3139 1475 3204 ita
1515 3148 1840 3230 ponatur,
1908 3150 1984 3207 ut
2032 3141 2120 3208 ab
2163 3142 2317 3235 ipso
2360 3146 2476 3235 qui

245 3234 542 3325 loquitur
593 3258 725 3304 nou
773 3249 956 3305 certa
1008 3242 1266 3308 ratione
1287 3291 1306 3326 ‚
1361 3241 1484 3309 sed
1542 3242 1840 3331 quodam
1895 3245 2235 3336 cogitandi
2285 3248 2472 3315 arbi-

241 3339 371 3406 trio
394 3340 483 3407 sit
507 3349 883 3431 sumptum,
936 3351 1009 3410 ut
1039 3352 1138 3412 est
1166 3344 1514 3412 obscurius
1549 3345 1800 3411 dictum
1819 3395 1839 3431 ,
1890 3345 1984 3413 ita
2016 3370 2102 3415 ne
2134 3350 2288 3417 satis
2318 3352 2473 3440 qui-

242 3440 403 3509 dem
434 3464 671 3510 verum
706 3467 874 3513 esse.
963 3446 1454 3539 Exemplorum
1484 3456 1729 3532 autem,
1783 3450 2026 3537 quibus
2060 3453 2286 3537 utitur,
2342 3455 2472 3522 alia

239 3554 424 3614 recte
456 3569 531 3614 se
558 3544 833 3633 habent,
883 3548 951 3615 in
983 3551 1222 3639 quibus
1250 3551 1635 3642 opinionem
1666 3552 1913 3620 indicat
1943 3555 2300 3646 optativae,
2342 3558 2471 3627 alia

243 3649 347 3715 vel
382 3650 760 3740 optativum
789 3654 1080 3742 optantis
1112 3654 1369 3722 habent
1390 3704 1410 3742 ,
1464 3655 1574 3723 vel
1604 3655 1765 3723 alias
1804 3657 1895 3724 ob
1925 3681 2188 3726 caussas
2223 3660 2309 3727 ab
2336 3661 2471 3730 hac

245 3749 690 3844 disputatione
725 3756 1138 3824 removenda
1170 3768 1341 3830 sunt.
1445 3760 1538 3826 Et
1571 3759 1686 3826 illa
1724 3759 2034 3848 quidem,
2090 3785 2266 3851 quae
2312 3766 2466 3857 opi-

247 3855 507 3924 nionem
538 3858 949 3950 significant,
1000 3860 1174 3928 haec
1205 3871 1377 3929 sunt.
1484 3863 1832 3955 Aristoph.
1871 3864 2000 3955 Eq.
2040 3862 2260 3936 1057.

341 3988 501 4068 ἀλλ’
532 3989 662 4066 οὐκ
696 3994 788 4067 ἄν
816 3998 1226 4088 μαχέσαιτο
1250 4016 1266 4034 ·
1324 3999 1619 4089 χέσαιτο
1654 3993 1830 4097 γάρ,
1889 4003 2408 4095 εἰμαχέσαιτο.

244 4126 426 4199 Pind.
480 4129 599 4206 01,
642 4131 760 4200 111.
800 4131 925 4207 81.
973 4128 1204 4215 κεινός
1254 4137 1424 4232 εἴην.
1530 4139 1717 4205 Nam·
1761 4144 1989 4218 κεῖνος
2037 4141 2223 4237 εἴην,
2275 4139 2465 4229 quod

243 4236 570 4323 probabat
599 4235 959 4330 Reisig-ius,
1010 4237 1085 4306 id
1126 4247 1202 4306 ut
1235 4241 1528 4331 optantis
1562 4250 1758 4329 esset,
1810 4241 2021 4311 hodie
2071 4244 2294 4335 ipsum
2328 4244 2463 4311 iam
2533 4334 2539 4340 .

241 4334 622 4431 improbare
669 4341 896 4410 credo.
952 4339 1067 4414 01.
1102 4342 1221 4413 xl.
1247 4343 1362 4412 fin.

648 4469 744 4548 τό
774 4469 913 4571 γοῖρ
946 4479 1212 4575 ἐμφυὲς
1242 4476 1409 4553 οὔτ’
1438 4483 1678 4555 αἴθων
1709 4473 1998 4577 α’λώπηε

329 4594 572 4670 Hunni.
628 4591 763 4666 ΟΡ.
815 4597 932 4666 Ν.
1981 4600 2044 4666 L
