3259 5275
1252 458 1723 527 cuussnfflo
1779 457 2089 526 DANIELI
2143 460 2448 531 Eueno,

1063 972 1299 1078 Certa
1338 1005 1747 1101 prudentem
1795 1013 2023 1074 manet
2070 1014 2275 1098 atque
2323 1009 2565 1082 fortem

1057 1146 1328 1230 Palma,
1382 1143 1652 1213 solatrix
1699 1142 1977 1235 vigilum
2018 1144 2361 1234 laborum,

1059 1282 1199 1369 Qui
1234 1303 1453 1372 neque
1506 1265 1778 1349 exortis‘
1803 1279 2024 1347 subito
2069 1281 2382 1371 procellis

1576 1414 1884 1483 Haesitat
1923 1438 2149 1486 amens
2166 1470 2189 1506 ,

1050 1622 1201 1691 Nec
1248 1620 1417 1688 mari
1465 1617 1683 1688 fidens
1725 1617 1997 1708 placido
2012 1666 2034 1704 ,
2082 1621 2449 1712 propinqui

1050 1758 1323 1828 Littoris
1372 1755 1642 1824 iamiam
1677 1756 1965 1828 tenuisse
2016 1766 2290 1848 portum

1054 1893 1338 1988 Sperat,
1390 1900 1688 1962 extremo
1740 1892 2114 1984 glomerata
2163 1904 2466 1967 temnens

1567 2029 1816 2100 Nubila
1864 2040 2099 2121 ponto.

1051 2234 1357 2307 Perdidit
1403 2234 1649 2310 multoe
1697 2235 1901 2304 animi
1950 2236 2225 2308 calentis

1042 2375 1343 2466 Impetus
1363 2421 1385 2459 ,
1435 2371 1769 2462 frenoque
1806 2374 1997 2441 nimis
2043 2377 2326 2444 remisso

1045 2512 1346 2606 Praepes
1395 2511 1662 2581 incauto
1712 2508 1991 2579 volitans
2043 2511 2130 2579 ab
2183 2535 2302 2582 ore

1565 2610 1879 2719 lssiberior
1929 2670 2098 2731 von

1014 2794 1346 2906 'Perdidit
1386 2842 1661 2926 torpens
1714 2834 1877 2903 alios
1927 2843 2234 2906 veternus
2255 2889 2277 2926 ‚

1043 2971 1414 3061 Otiumque
1461 2970 1784 3064 ignavum
1798 3018 1821 3056 ‚
1869 2980 1942 3040 et
1989 2973 2188 3066 inops
2236 2980 2455 3067 parati

1045 3109 1300 3181 Consili
1347 3119 1587 3202 pectus
1608 3159 1630 3203 ,
1681 3106 2122 3201 trepidusque
2166 3113 2351 3181 vanis

1360 3254 1365 3259 ’
1558 3243 1819 3314 Terror
1867 3245 1955 3321 ab
2006 3247 2279 3317 umbris.

1038 3432 1372 3505 Providae
1418 3435 1625 3503 menti
1677 3442 1807 3503 stat
1854 3433 2071 3504 honos
2121 3434 2410 3528 ubique,
2482 3452 2550 3511 et

1037 3571 1231 3642 Vtilis
1281 3570 1445 3640 vivit
1472 3572 1749 3662 patriae
1800 3572 2094 3662 sibique,

1037 3708 1177 3796 Qui
1233 3708 1435 3777 citam
1484 3709 1734 3777 callens
1786 3679 2088 3802 segetem
2131 3707 2396 3803 fugacis

1562 3843 1928 3939 Corripere
1976 3844 2191 3916 horae
2205 3897 2228 3936 ‚

1034 4031 1312 4100 Parcior
1360 4034 1575 4103 somni
1625 4056 1849 4125 neque
1889 4035 2292 4129 sumptuosis

1030 4166 1346 4238 Assidens
1408 4171 1670 4257 coenis,
1734 4170 2177 4243 diuturniores

1029 4305 1356 4377 Strenuus
1374 4348 1387 4364 »
1408 4307 1670 4377 confert
1717 4308 1809 4377 ad
1857 4309 2075 4379 amica
2122 4309 2338 4381 Musis

1551 4444 1811 4516 Scrinia
1860 4470 2087 4541 gazas.
