<?xml version="1.0" encoding="UTF-8"?>
<!DOCTYPE html PUBLIC "-//W3C//DTD XHTML 1.0 Transitional//EN"
    "http://www.w3.org/TR/xhtml1/DTD/xhtml1-transitional.dtd">
<html xmlns="http://www.w3.org/1999/xhtml" xml:lang="en" lang="en">
 <head>
  <title>
</title>
<meta http-equiv="Content-Type" content="text/html;charset=utf-8" />
  <meta name='ocr-system' content='tesseract 3.04.00' />
  <meta name='ocr-capabilities' content='ocr_page ocr_carea ocr_par ocr_line ocrx_word'/>
</head>
<body>
  <div class='ocr_page' id='page_1' title='image "./godofrediherman03fritgoog_0187.png"; bbox 0 0 3259 5275; ppageno 0'>
   <div class='ocr_carea' id='block_1_1' title="bbox 988 478 2587 577">
    <p class='ocr_par' dir='ltr' id='par_1_1' title="bbox 988 478 2587 577">
     <span class='ocr_line' id='line_1_1' title="bbox 988 478 2587 577; baseline 0.006 -39"><span class='ocrx_word' id='word_1_1' title='bbox 988 571 993 577; x_wconf 86' lang='lat'><strong>.</strong></span> <span class='ocrx_word' id='word_1_2' title='bbox 1086 478 1255 540; x_wconf 87' lang='lat' dir='ltr'><strong>LIB.</strong></span> <span class='ocrx_word' id='word_1_3' title='bbox 1297 479 1403 545; x_wconf 85' lang='lat'><strong>111.</strong></span> <span class='ocrx_word' id='word_1_4' title='bbox 1493 478 1687 545; x_wconf 76' lang='lat' dir='ltr'><strong>CAP.</strong></span> <span class='ocrx_word' id='word_1_5' title='bbox 1733 483 1834 544; x_wconf 90' lang='lat'><strong>11.</strong></span> <span class='ocrx_word' id='word_1_6' title='bbox 2460 484 2587 548; x_wconf 74' lang='lat'><strong>173</strong></span> 
     </span>
    </p>
   </div>
   <div class='ocr_carea' id='block_1_2' title="bbox 351 665 2671 1800">
    <p class='ocr_par' dir='ltr' id='par_1_2' title="bbox 354 665 2579 872">
     <span class='ocr_line' id='line_1_2' title="bbox 354 665 2579 768; baseline 0 -23"><span class='ocrx_word' id='word_1_7' title='bbox 354 677 448 746; x_wconf 87' lang='lat' dir='ltr'><strong>At</strong></span> <span class='ocrx_word' id='word_1_8' title='bbox 488 673 691 742; x_wconf 83' lang='lat' dir='ltr'><strong>facile</strong></span> <span class='ocrx_word' id='word_1_9' title='bbox 720 670 1032 740; x_wconf 88' lang='lat' dir='ltr'><strong>codicum</strong></span> <span class='ocrx_word' id='word_1_10' title='bbox 1078 672 1530 760; x_wconf 87' lang='lat' dir='ltr'><strong>quorumdam</strong></span> <span class='ocrx_word' id='word_1_11' title='bbox 1571 672 1905 762; x_wconf 85' lang='lat' dir='ltr'><strong>scriptura</strong></span> <span class='ocrx_word' id='word_1_12' title='bbox 1943 665 2180 768; x_wconf 73' lang='grc' dir='ltr'><strong><em>πάσχῃ</em></strong></span> <span class='ocrx_word' id='word_1_13' title='bbox 2207 682 2579 745; x_wconf 84' lang='lat' dir='ltr'><strong>monstrare</strong></span> 
     </span>
     <span class='ocr_line' id='line_1_3' title="bbox 354 768 2074 872; baseline -0.003 -25"><span class='ocrx_word' id='word_1_14' title='bbox 354 786 621 871; x_wconf 85' lang='lat' dir='ltr'><strong>potest,</strong></span> <span class='ocrx_word' id='word_1_15' title='bbox 673 773 1106 844; x_wconf 87' lang='lat' dir='ltr'><strong>scribendum</strong></span> <span class='ocrx_word' id='word_1_16' title='bbox 1136 798 1284 844; x_wconf 83' lang='lat' dir='ltr'><strong>esse</strong></span> <span class='ocrx_word' id='word_1_17' title='bbox 1320 771 1486 848; x_wconf 76' lang='grc' dir='ltr'><strong><em>εὖτε</em></strong></span> <span class='ocrx_word' id='word_1_18' title='bbox 1519 768 1661 872; x_wconf 81' lang='grc' dir='ltr'><strong>γοῖρ</strong></span> <span class='ocrx_word' id='word_1_19' title='bbox 1696 772 1788 847; x_wconf 78' lang='grc' dir='ltr'><strong>ἄν</strong></span> <span class='ocrx_word' id='word_1_20' title='bbox 1816 768 2074 871; x_wconf 76' lang='grc' dir='ltr'><strong>πάσχῃ.</strong></span> 
     </span>
    </p>

    <p class='ocr_par' dir='ltr' id='par_1_3' title="bbox 351 877 2671 1800">
     <span class='ocr_line' id='line_1_4' title="bbox 562 877 2582 970; baseline 0 -22"><span class='ocrx_word' id='word_1_21' title='bbox 562 881 799 948; x_wconf 88' lang='lat' dir='ltr'><strong>Altera</strong></span> <span class='ocrx_word' id='word_1_22' title='bbox 841 879 1247 947; x_wconf 80' lang='lat' dir='ltr'><strong>constructio</strong></span> <span class='ocrx_word' id='word_1_23' title='bbox 1273 879 1644 970; x_wconf 81' lang='lat' dir='ltr'>particulae</span> <span class='ocrx_word' id='word_1_24' title='bbox 1678 877 1770 949; x_wconf 75' lang='grc' dir='ltr'><strong>ἄν</strong></span> <span class='ocrx_word' id='word_1_25' title='bbox 1802 899 1958 944; x_wconf 88' lang='lat' dir='ltr'><strong>cum</strong></span> <span class='ocrx_word' id='word_1_26' title='bbox 1996 878 2296 968; x_wconf 83' lang='lat' dir='ltr'><strong>optativo</strong></span> <span class='ocrx_word' id='word_1_27' title='bbox 2328 880 2397 946; x_wconf 87' lang='lat' dir='ltr'><strong>in</strong></span> <span class='ocrx_word' id='word_1_28' title='bbox 2425 902 2582 948; x_wconf 92' lang='lat' dir='ltr'><strong>sen-</strong></span> 
     </span>
     <span class='ocr_line' id='line_1_5' title="bbox 355 981 2585 1076; baseline -0 -24"><span class='ocrx_word' id='word_1_29' title='bbox 355 983 565 1052; x_wconf 89' lang='lat' dir='ltr'><strong>tentia</strong></span> <span class='ocrx_word' id='word_1_30' title='bbox 596 982 1021 1050; x_wconf 81' lang='lat' dir='ltr'><strong>conditionali</strong></span> <span class='ocrx_word' id='word_1_31' title='bbox 1059 1005 1143 1049; x_wconf 90' lang='lat' dir='ltr'><strong>ea</strong></span> <span class='ocrx_word' id='word_1_32' title='bbox 1175 992 1310 1065; x_wconf 88' lang='lat' dir='ltr'><strong>est,</strong></span> <span class='ocrx_word' id='word_1_33' title='bbox 1362 1004 1536 1070; x_wconf 89' lang='lat' dir='ltr'><strong>quae</strong></span> <span class='ocrx_word' id='word_1_34' title='bbox 1574 981 1976 1073; x_wconf 81' lang='lat' dir='ltr'><strong>particulam</strong></span> <span class='ocrx_word' id='word_1_35' title='bbox 2012 1004 2166 1049; x_wconf 89' lang='lat' dir='ltr'><strong>cum</strong></span> <span class='ocrx_word' id='word_1_36' title='bbox 2199 982 2354 1072; x_wconf 91' lang='lat' dir='ltr'><strong>ipso</strong></span> <span class='ocrx_word' id='word_1_37' title='bbox 2388 983 2585 1076; x_wconf 83' lang='lat' dir='ltr'><strong>iungi</strong></span> 
     </span>
     <span class='ocr_line' id='line_1_6' title="bbox 352 1084 2585 1180; baseline -0.001 -24"><span class='ocrx_word' id='word_1_38' title='bbox 352 1088 656 1180; x_wconf 82' lang='lat' dir='ltr'><strong>optativo</strong></span> <span class='ocrx_word' id='word_1_39' title='bbox 686 1084 1004 1178; x_wconf 88' lang='lat' dir='ltr'><strong>postulat,</strong></span> <span class='ocrx_word' id='word_1_40' title='bbox 1049 1084 1343 1175; x_wconf 81' lang='lat' dir='ltr'><strong>facitque</strong></span> <span class='ocrx_word' id='word_1_41' title='bbox 1362 1094 1436 1152; x_wconf 87' lang='lat' dir='ltr'><strong>ut</strong></span> <span class='ocrx_word' id='word_1_42' title='bbox 1463 1085 1573 1152; x_wconf 82' lang='lat' dir='ltr'><strong>vel</strong></span> <span class='ocrx_word' id='word_1_43' title='bbox 1599 1107 1805 1177; x_wconf 90' lang='lat' dir='ltr'><strong>posse</strong></span> <span class='ocrx_word' id='word_1_44' title='bbox 1831 1084 1996 1175; x_wconf 88' lang='lat' dir='ltr'><strong>quid</strong></span> <span class='ocrx_word' id='word_1_45' title='bbox 2023 1086 2189 1171; x_wconf 87' lang='lat' dir='ltr'><strong>fieri,</strong></span> <span class='ocrx_word' id='word_1_46' title='bbox 2242 1086 2353 1153; x_wconf 82' lang='lat' dir='ltr'><strong>vel</strong></span> <span class='ocrx_word' id='word_1_47' title='bbox 2382 1087 2585 1174; x_wconf 89' lang='lat' dir='ltr'><strong>quid-</strong></span> 
     </span>
     <span class='ocr_line' id='line_1_7' title="bbox 353 1187 2584 1281; baseline 0.001 -23"><span class='ocrx_word' id='word_1_48' title='bbox 353 1191 523 1281; x_wconf 87' lang='lat' dir='ltr'><strong>quid</strong></span> <span class='ocrx_word' id='word_1_49' title='bbox 554 1191 753 1258; x_wconf 90' lang='lat' dir='ltr'><strong>etiam</strong></span> <span class='ocrx_word' id='word_1_50' title='bbox 779 1190 920 1256; x_wconf 87' lang='lat' dir='ltr'><strong>siue</strong></span> <span class='ocrx_word' id='word_1_51' title='bbox 955 1189 1285 1281; x_wconf 85' lang='lat' dir='ltr'><strong>particula</strong></span> <span class='ocrx_word' id='word_1_52' title='bbox 1325 1187 1755 1256; x_wconf 89' lang='lat' dir='ltr'><strong>conditionali</strong></span> <span class='ocrx_word' id='word_1_53' title='bbox 1782 1190 2115 1279; x_wconf 83' lang='lat' dir='ltr'><strong>optativus</strong></span> <span class='ocrx_word' id='word_1_54' title='bbox 2150 1211 2304 1256; x_wconf 90' lang='lat' dir='ltr'><strong>cum</strong></span> <span class='ocrx_word' id='word_1_55' title='bbox 2333 1187 2424 1261; x_wconf 76' lang='grc' dir='ltr'><strong>ἄν</strong></span> <span class='ocrx_word' id='word_1_56' title='bbox 2452 1214 2584 1260; x_wconf 87' lang='grc' dir='ltr'>ιιο-</span> 
     </span>
     <span class='ocr_line' id='line_1_8' title="bbox 351 1290 2671 1386; baseline 0 -24"><span class='ocrx_word' id='word_1_57' title='bbox 351 1303 452 1362; x_wconf 89' lang='lat' dir='ltr'><strong>tat</strong></span> <span class='ocrx_word' id='word_1_58' title='bbox 505 1293 937 1386; x_wconf 84' lang='lat' dir='ltr'><strong>significetur.</strong></span> <span class='ocrx_word' id='word_1_59' title='bbox 1040 1293 1217 1360; x_wconf 87' lang='lat' dir='ltr'><strong>Nam</strong></span> <span class='ocrx_word' id='word_1_60' title='bbox 1263 1290 1495 1359; x_wconf 86' lang='lat' dir='ltr'><strong>differt</strong></span> <span class='ocrx_word' id='word_1_61' title='bbox 1535 1290 1673 1359; x_wconf 93' lang='lat' dir='ltr'><strong>hoc</strong></span> <span class='ocrx_word' id='word_1_62' title='bbox 1712 1314 1928 1383; x_wconf 85' lang='lat' dir='ltr'><strong>genus</strong></span> <span class='ocrx_word' id='word_1_63' title='bbox 1972 1292 2081 1358; x_wconf 76' lang='lat' dir='ltr'><strong>ab·</strong></span> <span class='ocrx_word' id='word_1_64' title='bbox 2107 1293 2260 1382; x_wconf 87' lang='lat' dir='ltr'><strong>ino,</strong></span> <span class='ocrx_word' id='word_1_65' title='bbox 2317 1293 2406 1360; x_wconf 87' lang='lat' dir='ltr'><strong>de</strong></span> <span class='ocrx_word' id='word_1_66' title='bbox 2447 1317 2586 1383; x_wconf 91' lang='lat' dir='ltr'><strong>quo</strong></span> <span class='ocrx_word' id='word_1_67' title='bbox 2666 1342 2671 1347; x_wconf 96' lang='lat'>-</span> 
     </span>
     <span class='ocr_line' id='line_1_9' title="bbox 353 1395 2585 1488; baseline 0 -22"><span class='ocrx_word' id='word_1_68' title='bbox 353 1420 563 1488; x_wconf 84' lang='lat' dir='ltr'><strong>supra</strong></span> <span class='ocrx_word' id='word_1_69' title='bbox 592 1396 868 1484; x_wconf 84' lang='lat' dir='ltr'><strong>dictum,</strong></span> <span class='ocrx_word' id='word_1_70' title='bbox 918 1395 986 1463; x_wconf 88' lang='lat' dir='ltr'><strong>in</strong></span> <span class='ocrx_word' id='word_1_71' title='bbox 1015 1417 1152 1483; x_wconf 89' lang='lat' dir='ltr'><strong>quo</strong></span> <span class='ocrx_word' id='word_1_72' title='bbox 1180 1396 1515 1485; x_wconf 83' lang='lat' dir='ltr'><strong>optativus</strong></span> <span class='ocrx_word' id='word_1_73' title='bbox 1545 1417 1677 1488; x_wconf 89' lang='lat' dir='ltr'><strong>pro</strong></span> <span class='ocrx_word' id='word_1_74' title='bbox 1702 1403 1928 1463; x_wconf 87' lang='lat' dir='ltr'><strong>rectae</strong></span> <span class='ocrx_word' id='word_1_75' title='bbox 1957 1397 2271 1464; x_wconf 85' lang='lat' dir='ltr'><strong>orationis</strong></span> <span class='ocrx_word' id='word_1_76' title='bbox 2301 1398 2585 1466; x_wconf 86' lang='lat' dir='ltr'><strong>coniun-</strong></span> 
     </span>
     <span class='ocr_line' id='line_1_10' title="bbox 353 1497 2581 1592; baseline 0.001 -24"><span class='ocrx_word' id='word_1_77' title='bbox 353 1503 537 1568; x_wconf 82' lang='lat' dir='ltr'><strong>ctivo</strong></span> <span class='ocrx_word' id='word_1_78' title='bbox 572 1500 825 1592; x_wconf 88' lang='lat' dir='ltr'><strong>positus</strong></span> <span class='ocrx_word' id='word_1_79' title='bbox 865 1506 986 1571; x_wconf 87' lang='lat' dir='ltr'><strong>est.</strong></span> <span class='ocrx_word' id='word_1_80' title='bbox 1092 1499 1173 1565; x_wconf 91' lang='lat' dir='ltr'><strong>In</strong></span> <span class='ocrx_word' id='word_1_81' title='bbox 1215 1497 1319 1565; x_wconf 85' lang='lat' dir='ltr'><strong>his</strong></span> <span class='ocrx_word' id='word_1_82' title='bbox 1362 1498 1539 1565; x_wconf 85' lang='lat' dir='ltr'><strong>enim</strong></span> <span class='ocrx_word' id='word_1_83' title='bbox 1566 1549 1586 1585; x_wconf 83' lang='lat'>,</span> <span class='ocrx_word' id='word_1_84' title='bbox 1646 1498 1732 1566; x_wconf 89' lang='lat' dir='ltr'><strong>de</strong></span> <span class='ocrx_word' id='word_1_85' title='bbox 1782 1498 2022 1587; x_wconf 88' lang='lat' dir='ltr'><strong>quibus</strong></span> <span class='ocrx_word' id='word_1_86' title='bbox 2055 1522 2233 1567; x_wconf 86' lang='lat' dir='ltr'><strong>nunc</strong></span> <span class='ocrx_word' id='word_1_87' title='bbox 2276 1500 2581 1589; x_wconf 78' lang='lat' dir='ltr'><strong>dicimuS,</strong></span> 
     </span>
     <span class='ocr_line' id='line_1_11' title="bbox 352 1601 2582 1695; baseline 0 -23"><span class='ocrx_word' id='word_1_88' title='bbox 352 1604 521 1673; x_wconf 90' lang='lat' dir='ltr'><strong>nihil</strong></span> <span class='ocrx_word' id='word_1_89' title='bbox 567 1603 689 1671; x_wconf 83' lang='lat' dir='ltr'><strong>nisi</strong></span> <span class='ocrx_word' id='word_1_90' title='bbox 749 1601 1075 1694; x_wconf 86' lang='lat' dir='ltr'><strong>particula</strong></span> <span class='ocrx_word' id='word_1_91' title='bbox 1135 1601 1592 1670; x_wconf 87' lang='lat' dir='ltr'><strong>conditionalis</strong></span> <span class='ocrx_word' id='word_1_92' title='bbox 1639 1603 1746 1669; x_wconf 86' lang='lat' dir='ltr'><strong>vel</strong></span> <span class='ocrx_word' id='word_1_93' title='bbox 1789 1603 2002 1671; x_wconf 88' lang='lat' dir='ltr'><strong>finalis</strong></span> <span class='ocrx_word' id='word_1_94' title='bbox 2058 1601 2146 1670; x_wconf 91' lang='lat' dir='ltr'><strong>ad</strong></span> <span class='ocrx_word' id='word_1_95' title='bbox 2207 1606 2582 1695; x_wconf 85' lang='lat' dir='ltr'><strong>optativum</strong></span> 
     </span>
     <span class='ocr_line' id='line_1_12' title="bbox 354 1702 2587 1800; baseline 0.002 -25"><span class='ocrx_word' id='word_1_96' title='bbox 354 1715 586 1775; x_wconf 82' lang='lat' dir='ltr'><strong>rectae</strong></span> <span class='ocrx_word' id='word_1_97' title='bbox 636 1705 948 1773; x_wconf 88' lang='lat' dir='ltr'><strong>orationis</strong></span> <span class='ocrx_word' id='word_1_98' title='bbox 1003 1728 1160 1772; x_wconf 88' lang='lat' dir='ltr'><strong>cum</strong></span> <span class='ocrx_word' id='word_1_99' title='bbox 1214 1702 1305 1775; x_wconf 75' lang='grc' dir='ltr'><strong>ἄν</strong></span> <span class='ocrx_word' id='word_1_100' title='bbox 1355 1706 1785 1773; x_wconf 88' lang='lat' dir='ltr'><strong>coniunctum</strong></span> <span class='ocrx_word' id='word_1_101' title='bbox 1840 1706 2121 1775; x_wconf 89' lang='lat' dir='ltr'><strong>accedit.</strong></span> <span class='ocrx_word' id='word_1_102' title='bbox 2226 1706 2321 1774; x_wconf 91' lang='lat' dir='ltr'><strong>Et</strong></span> <span class='ocrx_word' id='word_1_103' title='bbox 2359 1731 2587 1800; x_wconf 77' lang='lat' dir='ltr'><strong>posse</strong></span> 
     </span>
    </p>
   </div>
   <div class='ocr_carea' id='block_1_3' title="bbox 354 1807 2583 1902">
    <p class='ocr_par' dir='ltr' id='par_1_4' title="bbox 354 1807 2583 1902">
     <span class='ocr_line' id='line_1_13' title="bbox 354 1807 2583 1902; baseline 0.002 -23"><span class='ocrx_word' id='word_1_104' title='bbox 354 1809 637 1901; x_wconf 85' lang='lat' dir='ltr'><strong>quidem</strong></span> <span class='ocrx_word' id='word_1_105' title='bbox 674 1809 1092 1902; x_wconf 85' lang='lat' dir='ltr'><strong>significatur</strong></span> <span class='ocrx_word' id='word_1_106' title='bbox 1123 1807 1229 1876; x_wconf 89' lang='lat' dir='ltr'><strong>his</strong></span> <span class='ocrx_word' id='word_1_107' title='bbox 1270 1808 1337 1876; x_wconf 89' lang='lat' dir='ltr'><strong>in</strong></span> <span class='ocrx_word' id='word_1_108' title='bbox 1363 1809 1563 1877; x_wconf 89' lang='lat' dir='ltr'><strong>locis:</strong></span> <span class='ocrx_word' id='word_1_109' title='bbox 1620 1809 2115 1902; x_wconf 83' lang='lat' dir='ltr'><strong>Aristophanes</strong></span> <span class='ocrx_word' id='word_1_110' title='bbox 2143 1809 2321 1879; x_wconf 92' lang='lat' dir='ltr'><strong>Nub.</strong></span> <span class='ocrx_word' id='word_1_111' title='bbox 2359 1810 2583 1883; x_wconf 86' lang='grc'><strong>1184.</strong></span> 
     </span>
    </p>
   </div>
   <div class='ocr_carea' id='block_1_4' title="bbox 566 1956 2260 2163">
    <p class='ocr_par' dir='ltr' id='par_1_5' title="bbox 566 1956 2260 2163">
     <span class='ocr_line' id='line_1_14' title="bbox 1608 1956 2260 2059; baseline 0.003 -25"><span class='ocrx_word' id='word_1_112' title='bbox 1608 1963 1680 2034; x_wconf 80' lang='grc' dir='ltr'><strong>εἰ</strong></span> <span class='ocrx_word' id='word_1_113' title='bbox 1700 1956 1807 2058; x_wconf 83' lang='grc' dir='ltr'><strong>μή</strong></span> <span class='ocrx_word' id='word_1_114' title='bbox 1836 1964 1970 2059; x_wconf 79' lang='grc' dir='ltr'><strong>πέρ</strong></span> <span class='ocrx_word' id='word_1_115' title='bbox 2000 1959 2073 2056; x_wconf 84' lang='grc' dir='ltr'><strong>γ’</strong></span> <span class='ocrx_word' id='word_1_116' title='bbox 2101 1991 2260 2058; x_wconf 84' lang='grc' dir='ltr'><strong>αμα</strong></span> 
     </span>
     <span class='ocr_line' id='line_1_15' title="bbox 566 2060 2086 2163; baseline 0 -25"><span class='ocrx_word' id='word_1_117' title='bbox 566 2093 755 2163; x_wconf 90' lang='grc' dir='ltr'><strong><em>αυτη</em></strong></span> <span class='ocrx_word' id='word_1_118' title='bbox 789 2061 1065 2159; x_wconf 79' lang='grc' dir='ltr'><strong><em>γένοιτ’</em></strong></span> <span class='ocrx_word' id='word_1_119' title='bbox 1100 2064 1192 2137; x_wconf 76' lang='grc' dir='ltr'><strong>ἄν</strong></span> <span class='ocrx_word' id='word_1_120' title='bbox 1218 2065 1442 2163; x_wconf 83' lang='grc' dir='ltr'><strong><em>γραῦς</em></strong></span> <span class='ocrx_word' id='word_1_121' title='bbox 1470 2093 1554 2138; x_wconf 76' lang='grc' dir='ltr'><strong>τε</strong></span> <span class='ocrx_word' id='word_1_122' title='bbox 1579 2093 1697 2136; x_wconf 77' lang='grc' dir='ltr'><strong>και</strong></span> <span class='ocrx_word' id='word_1_123' title='bbox 1730 2067 1858 2139; x_wconf 78' lang='grc' dir='ltr'><strong>νέα</strong></span> <span class='ocrx_word' id='word_1_124' title='bbox 1887 2060 2086 2163; x_wconf 83' lang='grc' dir='ltr'><strong><em>γυνή</em></strong></span> 
     </span>
    </p>
   </div>
   <div class='ocr_carea' id='block_1_5' title="bbox 353 2212 2594 2729">
    <p class='ocr_par' dir='ltr' id='par_1_6' title="bbox 353 2212 2588 2729">
     <span class='ocr_line' id='line_1_16' title="bbox 353 2212 2583 2311; baseline 0.004 -22"><span class='ocrx_word' id='word_1_125' title='bbox 353 2218 831 2311; x_wconf 84' lang='lat' dir='ltr'><strong>Xenophontis</strong></span> <span class='ocrx_word' id='word_1_126' title='bbox 883 2218 1144 2311; x_wconf 75' lang='lat' dir='ltr'><strong>Cyrop.</strong></span> <span class='ocrx_word' id='word_1_127' title='bbox 1189 2220 1306 2287; x_wconf 89' lang='lat'><strong>111.</strong></span> <span class='ocrx_word' id='word_1_128' title='bbox 1357 2214 1483 2291; x_wconf 89' lang='grc'><strong>55.</strong></span> <span class='ocrx_word' id='word_1_129' title='bbox 1537 2245 1710 2300; x_wconf 90' lang='grc' dir='ltr'><strong><em>τους</em></strong></span> <span class='ocrx_word' id='word_1_130' title='bbox 1744 2215 1814 2295; x_wconf 81' lang='grc' dir='ltr'><strong>δ’</strong></span> <span class='ocrx_word' id='word_1_131' title='bbox 1861 2212 2345 2301; x_wconf 80' lang='grc' dir='ltr'><strong><em>α’παιδευτους</em></strong></span> <span class='ocrx_word' id='word_1_132' title='bbox 2387 2248 2583 2297; x_wconf 85' lang='grc' dir='ltr'><strong><em>παν-</em></strong></span> 
     </span>
     <span class='ocr_line' id='line_1_17' title="bbox 354 2316 2594 2447; baseline 0.001 -50"><span class='ocrx_word' id='word_1_133' title='bbox 354 2316 682 2397; x_wconf 73' lang='grc' dir='ltr'><strong>τάπασιν</strong></span> <span class='ocrx_word' id='word_1_134' title='bbox 724 2318 983 2419; x_wconf 80' lang='grc' dir='ltr'><strong><em>α’ρετῆς</em></strong></span> <span class='ocrx_word' id='word_1_135' title='bbox 1023 2316 1487 2417; x_wconf 76' lang='grc' dir='ltr'><strong><em>θαυμάζοιμ’</em></strong></span> <span class='ocrx_word' id='word_1_136' title='bbox 1515 2318 1644 2399; x_wconf 78' lang='grc' dir='ltr'><strong>ἄν,</strong></span> <span class='ocrx_word' id='word_1_137' title='bbox 1703 2323 1886 2418; x_wconf 83' lang='grc' dir='ltr'><strong>ἔφη,</strong></span> <span class='ocrx_word' id='word_1_138' title='bbox 1941 2351 1993 2395; x_wconf 86' lang='grc' dir='ltr'><em>ω</em></span> <span class='ocrx_word' id='word_1_139' title='bbox 2041 2317 2471 2447; x_wconf 73' lang='grc' dir='ltr'><strong><em>Χρυσάντα,</em></strong></span> <span class='ocrx_word' id='word_1_140' title='bbox 2518 2328 2594 2398; x_wconf 78' lang='grc' dir='ltr'><strong>εἴ</strong></span> 
     </span>
     <span class='ocr_line' id='line_1_18' title="bbox 354 2419 2586 2553; baseline 0 -53"><span class='ocrx_word' id='word_1_141' title='bbox 354 2455 433 2500; x_wconf 84' lang='grc' dir='ltr'><strong>τι</strong></span> <span class='ocrx_word' id='word_1_142' title='bbox 465 2429 685 2498; x_wconf 77' lang='grc' dir='ltr'><strong><em>πλέον</em></strong></span> <span class='ocrx_word' id='word_1_143' title='bbox 725 2453 816 2496; x_wconf 90' lang='grc' dir='ltr'><strong>αν</strong></span> <span class='ocrx_word' id='word_1_144' title='bbox 820 2420 1251 2549; x_wconf 80' lang='grc' dir='ltr'>ωφελήσειε</span> <span class='ocrx_word' id='word_1_145' title='bbox 1290 2419 1498 2519; x_wconf 81' lang='grc' dir='ltr'><strong><em>λόγος</em></strong></span> <span class='ocrx_word' id='word_1_146' title='bbox 1532 2426 1757 2505; x_wconf 73' lang='grc' dir='ltr'><strong><em>καλῶς</em></strong></span> <span class='ocrx_word' id='word_1_147' title='bbox 1740 2425 2034 2553; x_wconf 42' lang='lat' dir='ltr'><strong>”pnffee‘c</strong></span> <span class='ocrx_word' id='word_1_148' title='bbox 2068 2428 2165 2507; x_wconf 77' lang='grc' dir='ltr'><strong>εἰς</strong></span> <span class='ocrx_word' id='word_1_149' title='bbox 2201 2422 2586 2548; x_wconf 83' lang='grc' dir='ltr'><strong><em>ανδραγα-</em></strong></span> 
     </span>
     <span class='ocr_line' id='line_1_19' title="bbox 355 2522 2588 2625; baseline 0.001 -23"><span class='ocrx_word' id='word_1_150' title='bbox 355 2530 541 2603; x_wconf 77' lang='grc' dir='ltr'><strong><em>θίαν</em></strong></span> <span class='ocrx_word' id='word_1_151' title='bbox 595 2527 648 2625; x_wconf 83' lang='grc' dir='ltr'><em>ἤ</em></span> <span class='ocrx_word' id='word_1_152' title='bbox 702 2553 873 2608; x_wconf 88' lang='grc' dir='ltr'><strong><em>τους</em></strong></span> <span class='ocrx_word' id='word_1_153' title='bbox 915 2523 1400 2610; x_wconf 75' lang='grc' dir='ltr'><strong><em>ἀπαιδεύτους</em></strong></span> <span class='ocrx_word' id='word_1_154' title='bbox 1455 2529 1800 2625; x_wconf 82' lang='grc' dir='ltr'><strong><em>μουσικῆς</em></strong></span> <span class='ocrx_word' id='word_1_155' title='bbox 1847 2524 2051 2623; x_wconf 77' lang='grc' dir='ltr'><strong><em>ᾆσμα</em></strong></span> <span class='ocrx_word' id='word_1_156' title='bbox 2108 2522 2310 2621; x_wconf 74' lang='grc' dir='ltr'><strong><em>μάλα</em></strong></span> <span class='ocrx_word' id='word_1_157' title='bbox 2360 2531 2588 2613; x_wconf 69' lang='grc' dir='ltr'><strong><em>καλῶς</em></strong></span> 
     </span>
     <span class='ocr_line' id='line_1_20' title="bbox 359 2625 2584 2729; baseline -0.001 -23"><span class='ocrx_word' id='word_1_158' title='bbox 359 2628 596 2729; x_wconf 74' lang='grc' dir='ltr'><strong><em>ᾀσθὲν</em></strong></span> <span class='ocrx_word' id='word_1_159' title='bbox 634 2633 730 2712; x_wconf 79' lang='grc' dir='ltr'><strong>εἰς</strong></span> <span class='ocrx_word' id='word_1_160' title='bbox 759 2625 1133 2729; x_wconf 82' lang='grc' dir='ltr'><strong>μουσικήν.</strong></span> <span class='ocrx_word' id='word_1_161' title='bbox 1237 2630 1415 2701; x_wconf 88' lang='lat' dir='ltr'><strong>Vide</strong></span> <span class='ocrx_word' id='word_1_162' title='bbox 1452 2630 1768 2702; x_wconf 87' lang='lat' dir='ltr'><strong>Aeschiu.</strong></span> <span class='ocrx_word' id='word_1_163' title='bbox 1810 2632 1897 2701; x_wconf 87' lang='lat' dir='ltr'><strong>de</strong></span> <span class='ocrx_word' id='word_1_164' title='bbox 1926 2632 2096 2702; x_wconf 85' lang='lat' dir='ltr'><strong>falsa</strong></span> <span class='ocrx_word' id='word_1_165' title='bbox 2125 2632 2259 2726; x_wconf 86' lang='lat' dir='ltr'><strong>leg.</strong></span> <span class='ocrx_word' id='word_1_166' title='bbox 2299 2658 2371 2726; x_wconf 89' lang='lat' dir='ltr'><strong>p.</strong></span> <span class='ocrx_word' id='word_1_167' title='bbox 2411 2630 2584 2709; x_wconf 90' lang='grc'><strong>265.</strong></span> 
     </span>
    </p>
   </div>
   <div class='ocr_carea' id='block_1_6' title="bbox 356 2730 2590 3168">
    <p class='ocr_par' dir='ltr' id='par_1_7' title="bbox 356 2730 2590 3142">
     <span class='ocr_line' id='line_1_21' title="bbox 356 2730 2585 2829; baseline 0.001 -25"><span class='ocrx_word' id='word_1_168' title='bbox 356 2734 598 2808; x_wconf 80' lang='lat' dir='ltr'><strong>Reisk.</strong></span> <span class='ocrx_word' id='word_1_169' title='bbox 639 2730 745 2829; x_wconf 84' lang='lat'><strong>(§.</strong></span> <span class='ocrx_word' id='word_1_170' title='bbox 780 2733 900 2802; x_wconf 94' lang='grc'><strong>94.</strong></span> <span class='ocrx_word' id='word_1_171' title='bbox 932 2760 1000 2829; x_wconf 92' lang='lat' dir='ltr'><strong>p.</strong></span> <span class='ocrx_word' id='word_1_172' title='bbox 1047 2735 1219 2803; x_wconf 87' lang='grc'><strong>412.</strong></span> <span class='ocrx_word' id='word_1_173' title='bbox 1249 2735 1510 2826; x_wconf 81' lang='lat' dir='ltr'><strong>Bekk.)</strong></span> <span class='ocrx_word' id='word_1_174' title='bbox 1561 2736 1915 2804; x_wconf 86' lang='lat' dir='ltr'><strong>Demosth.</strong></span> <span class='ocrx_word' id='word_1_175' title='bbox 1946 2760 2018 2829; x_wconf 91' lang='lat' dir='ltr'><strong>p.</strong></span> <span class='ocrx_word' id='word_1_176' title='bbox 2060 2735 2187 2821; x_wconf 86' lang='lat'><strong>44,</strong></span> <span class='ocrx_word' id='word_1_177' title='bbox 2232 2735 2351 2804; x_wconf 89' lang='grc'><strong>29.</strong></span> <span class='ocrx_word' id='word_1_178' title='bbox 2412 2736 2585 2825; x_wconf 88' lang='grc'><strong>196,</strong></span> 
     </span>
     <span class='ocr_line' id='line_1_22' title="bbox 362 2837 2588 2933; baseline 0.002 -28"><span class='ocrx_word' id='word_1_179' title='bbox 362 2838 480 2908; x_wconf 96' lang='grc'><strong>20.</strong></span> <span class='ocrx_word' id='word_1_180' title='bbox 537 2839 653 2906; x_wconf 88' lang='lat' dir='ltr'><strong>ubi</strong></span> <span class='ocrx_word' id='word_1_181' title='bbox 699 2837 1060 2907; x_wconf 86' lang='lat' dir='ltr'><strong>Bekkerus</strong></span> <span class='ocrx_word' id='word_1_182' title='bbox 1100 2840 1533 2908; x_wconf 87' lang='lat' dir='ltr'><strong>indicativum</strong></span> <span class='ocrx_word' id='word_1_183' title='bbox 1574 2840 1715 2908; x_wconf 86' lang='lat' dir='ltr'><strong>sine</strong></span> <span class='ocrx_word' id='word_1_184' title='bbox 1771 2837 1861 2911; x_wconf 75' lang='grc' dir='ltr'><strong>ἄν</strong></span> <span class='ocrx_word' id='word_1_185' title='bbox 1903 2841 2165 2933; x_wconf 83' lang='lat' dir='ltr'><strong>posuit3</strong></span> <span class='ocrx_word' id='word_1_186' title='bbox 2229 2838 2416 2927; x_wconf 90' lang='grc'><strong>582,</strong></span> <span class='ocrx_word' id='word_1_187' title='bbox 2466 2841 2588 2915; x_wconf 85' lang='lat'><strong>24.</strong></span> 
     </span>
     <span class='ocr_line' id='line_1_23' title="bbox 363 2939 2586 3033; baseline 0.001 -22"><span class='ocrx_word' id='word_1_188' title='bbox 363 2940 535 3028; x_wconf 71' lang='lat'><strong>748,</strong></span> <span class='ocrx_word' id='word_1_189' title='bbox 571 2940 689 3008; x_wconf 82' lang='lat'><strong>14.</strong></span> <span class='ocrx_word' id='word_1_190' title='bbox 744 2940 1069 3028; x_wconf 91' lang='grc'><strong>903,19.</strong></span> <span class='ocrx_word' id='word_1_191' title='bbox 1104 2941 1329 3026; x_wconf 92' lang='grc'><strong>1108,</strong></span> <span class='ocrx_word' id='word_1_192' title='bbox 1361 2939 1431 3013; x_wconf 90' lang='grc'><strong>6.</strong></span> <span class='ocrx_word' id='word_1_193' title='bbox 1477 2940 1704 3031; x_wconf 90' lang='grc'><strong>1206,</strong></span> <span class='ocrx_word' id='word_1_194' title='bbox 1744 2941 1867 3011; x_wconf 89' lang='grc'><strong>21.</strong></span> <span class='ocrx_word' id='word_1_195' title='bbox 1907 2941 2126 3031; x_wconf 87' lang='grc'><strong>1300,</strong></span> <span class='ocrx_word' id='word_1_196' title='bbox 2156 2942 2227 3011; x_wconf 94' lang='grc'><strong>8.</strong></span> <span class='ocrx_word' id='word_1_197' title='bbox 2262 2943 2486 3033; x_wconf 76' lang='grc' dir='ltr'><strong>133Ί,</strong></span> <span class='ocrx_word' id='word_1_198' title='bbox 2515 2944 2586 3015; x_wconf 91' lang='grc'><strong>8.</strong></span> 
     </span>
     <span class='ocr_line' id='line_1_24' title="bbox 359 2995 2590 3168; baseline 0.001 -53"><span class='ocrx_word' id='word_1_199' title='bbox 359 3048 495 3115; x_wconf 89' lang='lat' dir='ltr'><strong>Pro</strong></span> <span class='ocrx_word' id='word_1_200' title='bbox 527 3045 752 3114; x_wconf 84' lang='lat' dir='ltr'><strong>futuro</strong></span> <span class='ocrx_word' id='word_1_201' title='bbox 797 3057 1062 3129; x_wconf 87' lang='lat' dir='ltr'><strong>autem,</strong></span> <span class='ocrx_word' id='word_1_202' title='bbox 1113 3046 1229 3114; x_wconf 89' lang='lat' dir='ltr'><strong>ut</strong></span> <span class='ocrx_word' id='word_1_203' title='bbox 1213 3069 1280 3114; x_wconf 88' lang='grc' dir='ltr'><strong>ιιι</strong></span> <span class='ocrx_word' id='word_1_204' title='bbox 1319 3045 1637 3136; x_wconf 87' lang='lat' dir='ltr'><strong>Xenoph.</strong></span> <span class='ocrx_word' id='word_1_205' title='bbox 1662 2995 1933 3168; x_wconf 53' lang='lat' dir='ltr'><strong>:Cyl-op.</strong></span> <span class='ocrx_word' id='word_1_206' title='bbox 1968 3047 2085 3113; x_wconf 86' lang='lat' dir='ltr'><strong>lv.</strong></span> <span class='ocrx_word' id='word_1_207' title='bbox 2117 3045 2187 3132; x_wconf 89' lang='grc'><strong>2,</strong></span> <span class='ocrx_word' id='word_1_208' title='bbox 2223 3045 2342 3114; x_wconf 78' lang='grc'><strong>37.</strong></span> <span class='ocrx_word' id='word_1_209' title='bbox 2376 3046 2590 3142; x_wconf 76' lang='grc' dir='ltr'><strong><em>ἄγετε</em></strong></span> 
     </span>
    </p>
   </div>
   <div class='ocr_carea' id='block_1_7' title="bbox 361 3147 2699 3245">
    <p class='ocr_par' dir='ltr' id='par_1_8' title="bbox 361 3147 2699 3245">
     <span class='ocr_line' id='line_1_25' title="bbox 361 3147 2699 3245; baseline 0.002 -24"><span class='ocrx_word' id='word_1_210' title='bbox 361 3151 520 3236; x_wconf 82' lang='grc' dir='ltr'><strong>νῦν,</strong></span> <span class='ocrx_word' id='word_1_211' title='bbox 576 3149 730 3245; x_wconf 79' lang='grc' dir='ltr'><strong>ἔφη,</strong></span> <span class='ocrx_word' id='word_1_212' title='bbox 785 3176 839 3220; x_wconf 89' lang='grc' dir='ltr'><em>ω</em></span> <span class='ocrx_word' id='word_1_213' title='bbox 871 3147 1162 3245; x_wconf 78' lang='grc' dir='ltr'><strong>ἄνδρες,</strong></span> <span class='ocrx_word' id='word_1_214' title='bbox 1209 3151 1283 3221; x_wconf 81' lang='grc' dir='ltr'><strong>εἴ</strong></span> <span class='ocrx_word' id='word_1_215' title='bbox 1300 3175 1489 3229; x_wconf 77' lang='grc' dir='ltr'><strong><em>τινες</em></strong></span> <span class='ocrx_word' id='word_1_216' title='bbox 1526 3175 1733 3240; x_wconf 85' lang='grc' dir='ltr'><strong><em>υμων</em></strong></span> <span class='ocrx_word' id='word_1_217' title='bbox 1763 3177 1861 3220; x_wconf 89' lang='grc' dir='ltr'><strong>τα</strong></span> <span class='ocrx_word' id='word_1_218' title='bbox 1898 3150 2036 3242; x_wconf 81' lang='grc' dir='ltr'><strong>μὲν</strong></span> <span class='ocrx_word' id='word_1_219' title='bbox 2070 3177 2252 3222; x_wconf 68' lang='lat' dir='ltr'><strong>naua</strong></span> <span class='ocrx_word' id='word_1_220' title='bbox 2280 3157 2589 3242; x_wconf 75' lang='grc' dir='ltr'><strong>μισεῖτε,</strong></span> <span class='ocrx_word' id='word_1_221' title='bbox 2695 3231 2699 3236; x_wconf 52' lang='grc'><strong>,</strong></span> 
     </span>
    </p>
   </div>
   <div class='ocr_carea' id='block_1_8' title="bbox 362 3244 2590 3447">
    <p class='ocr_par' dir='ltr' id='par_1_9' title="bbox 362 3244 2590 3447">
     <span class='ocr_line' id='line_1_26' title="bbox 362 3244 2588 3348; baseline 0.002 -25"><span class='ocrx_word' id='word_1_222' title='bbox 362 3247 661 3344; x_wconf 76' lang='grc' dir='ltr'><strong><em>ἀγαθοῦ</em></strong></span> <span class='ocrx_word' id='word_1_223' title='bbox 711 3253 797 3323; x_wconf 76' lang='grc' dir='ltr'><strong>δέ</strong></span> <span class='ocrx_word' id='word_1_224' title='bbox 841 3278 1039 3330; x_wconf 77' lang='grc' dir='ltr'><strong><em>τινος</em></strong></span> <span class='ocrx_word' id='word_1_225' title='bbox 1089 3248 1273 3348; x_wconf 80' lang='grc' dir='ltr'><strong><em>παρ’</em></strong></span> <span class='ocrx_word' id='word_1_226' title='bbox 1326 3249 1528 3343; x_wconf 75' lang='grc' dir='ltr'><strong><em>ἡμῶν</em></strong></span> <span class='ocrx_word' id='word_1_227' title='bbox 1579 3244 1978 3346; x_wconf 76' lang='grc' dir='ltr'><strong><em>βουλοισθ’</em></strong></span> <span class='ocrx_word' id='word_1_228' title='bbox 2037 3252 2128 3326; x_wconf 77' lang='grc' dir='ltr'><strong>ἄν</strong></span> <span class='ocrx_word' id='word_1_229' title='bbox 2186 3279 2588 3344; x_wconf 83' lang='grc' dir='ltr'><strong>τυγχανειν.</strong></span> 
     </span>
     <span class='ocr_line' id='line_1_27' title="bbox 362 3353 2590 3447; baseline 0.001 -24"><span class='ocrx_word' id='word_1_230' title='bbox 362 3353 535 3423; x_wconf 88' lang='lat' dir='ltr'><strong>Vide</strong></span> <span class='ocrx_word' id='word_1_231' title='bbox 567 3354 830 3422; x_wconf 89' lang='lat' dir='ltr'><strong>Platon.</strong></span> <span class='ocrx_word' id='word_1_232' title='bbox 861 3356 1135 3447; x_wconf 82' lang='lat' dir='ltr'><strong>Protag.</strong></span> <span class='ocrx_word' id='word_1_233' title='bbox 1167 3379 1238 3447; x_wconf 92' lang='lat' dir='ltr'><strong>p.</strong></span> <span class='ocrx_word' id='word_1_234' title='bbox 1280 3354 1453 3427; x_wconf 90' lang='grc'><strong>329.</strong></span> <span class='ocrx_word' id='word_1_235' title='bbox 1487 3354 1570 3421; x_wconf 94' lang='grc' dir='ltr'><strong>Β.</strong></span> <span class='ocrx_word' id='word_1_236' title='bbox 1606 3356 1725 3422; x_wconf 90' lang='lat' dir='ltr'><strong>ubi</strong></span> <span class='ocrx_word' id='word_1_237' title='bbox 1757 3355 2207 3424; x_wconf 84' lang='lat' dir='ltr'><strong>conferendus</strong></span> <span class='ocrx_word' id='word_1_238' title='bbox 2235 3356 2590 3425; x_wconf 87' lang='lat' dir='ltr'><strong>Heindor-</strong></span> 
     </span>
    </p>
   </div>
   <div class='ocr_carea' id='block_1_9' title="bbox 359 3453 2590 3549">
    <p class='ocr_par' dir='ltr' id='par_1_10' title="bbox 359 3453 2590 3549">
     <span class='ocr_line' id='line_1_28' title="bbox 359 3453 2590 3549; baseline 0.002 -23"><span class='ocrx_word' id='word_1_239' title='bbox 359 3458 489 3526; x_wconf 82' lang='lat' dir='ltr'><strong>fius</strong></span> <span class='ocrx_word' id='word_1_240' title='bbox 519 3480 591 3549; x_wconf 91' lang='lat' dir='ltr'><strong>p.</strong></span> <span class='ocrx_word' id='word_1_241' title='bbox 621 3453 794 3526; x_wconf 90' lang='grc'><strong>535.</strong></span> <span class='ocrx_word' id='word_1_242' title='bbox 849 3460 1009 3526; x_wconf 90' lang='grc' dir='ltr'>Νοιι</span> <span class='ocrx_word' id='word_1_243' title='bbox 1044 3468 1228 3527; x_wconf 87' lang='lat' dir='ltr'><strong>recte</strong></span> <span class='ocrx_word' id='word_1_244' title='bbox 1264 3481 1429 3527; x_wconf 84' lang='lat' dir='ltr'><strong>vero</strong></span> <span class='ocrx_word' id='word_1_245' title='bbox 1460 3458 1622 3525; x_wconf 90' lang='lat' dir='ltr'><strong>olim</strong></span> <span class='ocrx_word' id='word_1_246' title='bbox 1666 3458 1953 3527; x_wconf 87' lang='lat' dir='ltr'><strong>iudicavi</strong></span> <span class='ocrx_word' id='word_1_247' title='bbox 1988 3458 2077 3527; x_wconf 90' lang='lat' dir='ltr'><strong>de</strong></span> <span class='ocrx_word' id='word_1_248' title='bbox 2118 3458 2389 3529; x_wconf 84' lang='lat' dir='ltr'><strong>Pindari</strong></span> <span class='ocrx_word' id='word_1_249' title='bbox 2431 3483 2590 3530; x_wconf 82' lang='lat' dir='ltr'><strong>ver-</strong></span> 
     </span>
    </p>
   </div>
   <div class='ocr_carea' id='block_1_10' title="bbox 361 3559 1365 3652">
    <p class='ocr_par' dir='ltr' id='par_1_11' title="bbox 361 3559 1365 3652">
     <span class='ocr_line' id='line_1_29' title="bbox 361 3559 1365 3652; baseline 0.003 -25"><span class='ocrx_word' id='word_1_250' title='bbox 361 3560 462 3630; x_wconf 74' lang='lat' dir='ltr'><strong>bis</strong></span> <span class='ocrx_word' id='word_1_251' title='bbox 498 3560 707 3652; x_wconf 74' lang='lat' dir='ltr'><strong>Pyth.</strong></span> <span class='ocrx_word' id='word_1_252' title='bbox 739 3561 857 3631; x_wconf 79' lang='lat' dir='ltr'><strong>lv,</strong></span> <span class='ocrx_word' id='word_1_253' title='bbox 889 3559 1064 3630; x_wconf 78' lang='lat'><strong>468.</strong></span> <span class='ocrx_word' id='word_1_254' title='bbox 1122 3560 1365 3652; x_wconf 76' lang='lat'><strong>(263.)</strong></span> 
     </span>
    </p>
   </div>
   <div class='ocr_carea' id='block_1_11' title="bbox 568 3709 2045 4020">
    <p class='ocr_par' dir='ltr' id='par_1_12' title="bbox 568 3709 2045 4020">
     <span class='ocr_line' id='line_1_30' title="bbox 568 3709 1845 3810; baseline -0.002 -21"><span class='ocrx_word' id='word_1_255' title='bbox 568 3716 642 3790; x_wconf 82' lang='grc' dir='ltr'><strong>εἰ</strong></span> <span class='ocrx_word' id='word_1_256' title='bbox 661 3709 800 3808; x_wconf 73' lang='grc' dir='ltr'><strong>γάρ</strong></span> <span class='ocrx_word' id='word_1_257' title='bbox 827 3741 938 3796; x_wconf 81' lang='grc' dir='ltr'><strong>τις</strong></span> <span class='ocrx_word' id='word_1_258' title='bbox 972 3712 1175 3801; x_wconf 79' lang='grc' dir='ltr'><strong><em>ὄζους</em></strong></span> <span class='ocrx_word' id='word_1_259' title='bbox 1208 3711 1537 3810; x_wconf 77' lang='grc' dir='ltr'><strong><em>οξυτόμῳ</em></strong></span> <span class='ocrx_word' id='word_1_260' title='bbox 1569 3717 1845 3790; x_wconf 75' lang='grc' dir='ltr'>πελέκει</span> 
     </span>
     <span class='ocr_line' id='line_1_31' title="bbox 570 3812 2045 3917; baseline 0.001 -28"><span class='ocrx_word' id='word_1_261' title='bbox 570 3818 937 3913; x_wconf 72' lang='grc' dir='ltr'><strong><em>ἔξερείψαι</em></strong></span> <span class='ocrx_word' id='word_1_262' title='bbox 969 3845 1089 3891; x_wconf 75' lang='grc' dir='ltr'><strong>κεν</strong></span> <span class='ocrx_word' id='word_1_263' title='bbox 1126 3812 1443 3912; x_wconf 76' lang='grc' dir='ltr'><strong><em>μεγάλας</em></strong></span> <span class='ocrx_word' id='word_1_264' title='bbox 1472 3812 1723 3917; x_wconf 83' lang='grc' dir='ltr'><strong><em>δρυός,</em></strong></span> <span class='ocrx_word' id='word_1_265' title='bbox 1778 3813 1991 3911; x_wconf 73' lang='grc' dir='ltr'><strong><em>αἰσχύ</em></strong></span> <span class='ocrx_word' id='word_1_266' title='bbox 2007 3859 2045 3870; x_wconf 89' lang='grc'><strong>-</strong></span> 
     </span>
     <span class='ocr_line' id='line_1_32' title="bbox 575 3915 1454 4020; baseline 0.001 -26"><span class='ocrx_word' id='word_1_267' title='bbox 575 3948 690 3994; x_wconf 73' lang='lat' dir='ltr'><strong>voa</strong></span> <span class='ocrx_word' id='word_1_268' title='bbox 716 3924 804 3995; x_wconf 79' lang='grc' dir='ltr'><strong>τέ</strong></span> <span class='ocrx_word' id='word_1_269' title='bbox 828 3927 901 3994; x_wconf 89' lang='grc' dir='ltr'><strong>οἱ</strong></span> <span class='ocrx_word' id='word_1_270' title='bbox 928 3915 1214 4020; x_wconf 77' lang='grc' dir='ltr'><strong><em>θαητον</em></strong></span> <span class='ocrx_word' id='word_1_271' title='bbox 1246 3918 1454 4002; x_wconf 76' lang='grc' dir='ltr'><strong><em>εἶδος.</em></strong></span> 
     </span>
    </p>
   </div>
   <div class='ocr_carea' id='block_1_12' title="bbox 361 4071 2594 4587">
    <p class='ocr_par' dir='ltr' id='par_1_13' title="bbox 361 4071 2591 4274">
     <span class='ocr_line' id='line_1_33' title="bbox 361 4071 2591 4168; baseline 0.001 -27"><span class='ocrx_word' id='word_1_272' title='bbox 361 4071 650 4142; x_wconf 85' lang='lat' dir='ltr'><strong>Videtur</strong></span> <span class='ocrx_word' id='word_1_273' title='bbox 671 4074 767 4142; x_wconf 89' lang='lat' dir='ltr'><strong>ibi</strong></span> <span class='ocrx_word' id='word_1_274' title='bbox 806 4074 983 4147; x_wconf 76' lang='grc' dir='ltr'><strong>κὲν</strong></span> <span class='ocrx_word' id='word_1_275' title='bbox 963 4097 1032 4143; x_wconf 89' lang='grc' dir='ltr'><strong>ιιι</strong></span> <span class='ocrx_word' id='word_1_276' title='bbox 1062 4075 1199 4168; x_wconf 81' lang='grc' dir='ltr'><strong>μὲν</strong></span> <span class='ocrx_word' id='word_1_277' title='bbox 1231 4073 1626 4144; x_wconf 87' lang='lat' dir='ltr'><strong>mutandum</strong></span> <span class='ocrx_word' id='word_1_278' title='bbox 1664 4098 1845 4146; x_wconf 82' lang='lat' dir='ltr'><strong>esse:</strong></span> <span class='ocrx_word' id='word_1_279' title='bbox 1898 4099 2057 4145; x_wconf 87' lang='lat' dir='ltr'><strong>nam</strong></span> <span class='ocrx_word' id='word_1_280' title='bbox 2090 4081 2591 4146; x_wconf 85' lang='lat' dir='ltr'><strong>monstruosum</strong></span> 
     </span>
     <span class='ocr_line' id='line_1_34' title="bbox 363 4175 1711 4274; baseline -0.001 -25"><span class='ocrx_word' id='word_1_281' title='bbox 363 4175 691 4274; x_wconf 74' lang='grc' dir='ltr'><strong><em>ἐξερείψῃ</em></strong></span> <span class='ocrx_word' id='word_1_282' title='bbox 720 4203 842 4250; x_wconf 72' lang='grc' dir='ltr'><strong>κεν</strong></span> <span class='ocrx_word' id='word_1_283' title='bbox 864 4177 1117 4247; x_wconf 85' lang='lat' dir='ltr'><strong>habeat</strong></span> <span class='ocrx_word' id='word_1_284' title='bbox 1148 4179 1272 4248; x_wconf 87' lang='lat' dir='ltr'><strong>sibi</strong></span> <span class='ocrx_word' id='word_1_285' title='bbox 1297 4179 1415 4268; x_wconf 92' lang='lat' dir='ltr'><strong>qui</strong></span> <span class='ocrx_word' id='word_1_286' title='bbox 1444 4179 1711 4248; x_wconf 84' lang='lat' dir='ltr'><strong>invenit.</strong></span> 
     </span>
    </p>

    <p class='ocr_par' dir='ltr' id='par_1_14' title="bbox 363 4278 2594 4587">
     <span class='ocr_line' id='line_1_35' title="bbox 564 4278 2592 4374; baseline 0 -27"><span class='ocrx_word' id='word_1_287' title='bbox 564 4278 833 4348; x_wconf 88' lang='lat' dir='ltr'><strong>Eadem</strong></span> <span class='ocrx_word' id='word_1_288' title='bbox 849 4332 870 4369; x_wconf 90' lang='lat'><strong><em>‚</em></strong></span> <span class='ocrx_word' id='word_1_289' title='bbox 936 4305 1142 4373; x_wconf 89' lang='lat' dir='ltr'><strong>quam</strong></span> <span class='ocrx_word' id='word_1_290' title='bbox 1175 4282 1508 4374; x_wconf 79' lang='lat' dir='ltr'><strong>particula</strong></span> <span class='ocrx_word' id='word_1_291' title='bbox 1553 4286 1625 4356; x_wconf 75' lang='grc' dir='ltr'><strong>εἰ</strong></span> <span class='ocrx_word' id='word_1_292' title='bbox 1665 4306 1826 4351; x_wconf 83' lang='lat' dir='ltr'><strong>vere</strong></span> <span class='ocrx_word' id='word_1_293' title='bbox 1880 4281 2342 4352; x_wconf 84' lang='lat' dir='ltr'><strong>conditionalis</strong></span> <span class='ocrx_word' id='word_1_294' title='bbox 2386 4281 2592 4349; x_wconf 83' lang='lat' dir='ltr'><strong>ratio-</strong></span> 
     </span>
     <span class='ocr_line' id='line_1_36' title="bbox 363 4381 2593 4480; baseline 0.001 -30"><span class='ocrx_word' id='word_1_295' title='bbox 363 4404 518 4451; x_wconf 88' lang='lat' dir='ltr'><strong>nem</strong></span> <span class='ocrx_word' id='word_1_296' title='bbox 541 4381 777 4471; x_wconf 87' lang='lat' dir='ltr'><strong>habet,</strong></span> <span class='ocrx_word' id='word_1_297' title='bbox 830 4386 1030 4453; x_wconf 87' lang='lat' dir='ltr'><strong>etiam</strong></span> <span class='ocrx_word' id='word_1_298' title='bbox 1061 4395 1208 4454; x_wconf 86' lang='lat' dir='ltr'><strong>tum</strong></span> <span class='ocrx_word' id='word_1_299' title='bbox 1242 4386 1518 4472; x_wconf 82' lang='lat' dir='ltr'><strong>obtinet,</strong></span> <span class='ocrx_word' id='word_1_300' title='bbox 1573 4409 1785 4478; x_wconf 88' lang='lat' dir='ltr'><strong>quum</strong></span> <span class='ocrx_word' id='word_1_301' title='bbox 1813 4385 2289 4480; x_wconf 81' lang='lat' dir='ltr'><strong>interrogativa</strong></span> <span class='ocrx_word' id='word_1_302' title='bbox 2318 4394 2438 4470; x_wconf 81' lang='lat' dir='ltr'><strong>est,</strong></span> <span class='ocrx_word' id='word_1_303' title='bbox 2493 4406 2593 4452; x_wconf 79' lang='grc' dir='ltr'><strong>απ</strong></span> 
     </span>
     <span class='ocr_line' id='line_1_37' title="bbox 365 4482 2594 4587; baseline 0.002 -31"><span class='ocrx_word' id='word_1_304' title='bbox 365 4486 768 4580; x_wconf 77' lang='lat' dir='ltr'><strong>significans.</strong></span> <span class='ocrx_word' id='word_1_305' title='bbox 871 4489 1267 4584; x_wconf 83' lang='lat' dir='ltr'><strong>Xenophon</strong></span> <span class='ocrx_word' id='word_1_306' title='bbox 1299 4488 1558 4583; x_wconf 78' lang='lat' dir='ltr'><strong>Cyrop.</strong></span> <span class='ocrx_word' id='word_1_307' title='bbox 1592 4489 1645 4558; x_wconf 93' lang='lat' dir='ltr'><strong>l.</strong></span> <span class='ocrx_word' id='word_1_308' title='bbox 1690 4487 1760 4578; x_wconf 89' lang='grc'><strong>6,</strong></span> <span class='ocrx_word' id='word_1_309' title='bbox 1801 4488 1915 4558; x_wconf 87' lang='grc'><strong>10.</strong></span> <span class='ocrx_word' id='word_1_310' title='bbox 1971 4486 2263 4587; x_wconf 74' lang='grc' dir='ltr'><strong>ἐρωτᾷς,</strong></span> <span class='ocrx_word' id='word_1_311' title='bbox 2318 4489 2482 4586; x_wconf 81' lang='grc' dir='ltr'><strong>ἔφη,</strong></span> <span class='ocrx_word' id='word_1_312' title='bbox 2534 4482 2594 4560; x_wconf 72' lang='grc' dir='ltr'><strong>οἶ</strong></span> 
     </span>
    </p>
   </div>
  </div>
 </body>
</html>
