3259 5275
552 505 577 554 s
758 535 767 555 ,
1063 470 1234 535 Lm.
1279 471 1328 533 1.
1414 470 1604 536 cAP.
1647 476 1713 538 s.
2127 431 2134 442 ’
2414 477 2507 543 aa

291 663 403 733 Sic
430 662 619 755 apud
645 661 1209 754 Thucydideml.
1250 661 1369 733 33.
1421 664 1783 736 Bekkerus
1831 663 2073 736 ediditz
2123 659 2503 761 γενήσεται

289 769 365 840 δὲ
407 765 584 859 ὑμῖν
644 767 1116 858 πειθομένοις
1129 762 1348 890 duait]
1387 764 1433 864 ἦ
1476 768 1819 860 ξυντυχιά
1872 796 2060 841 κατα
2101 762 2335 840 πολλοὶ
2380 771 2508 865 τῆς

286 868 643 964 ἡμετέρας
675 869 951 964 χρείας,
998 870 1291 990 πρῶτον
1335 871 1473 962 μὲν
1515 869 1638 945 ὅτι
1679 868 1810 944 ουίι
1854 867 2348 964 ἀδικουμένοις
2383 873 2508 945 καὶ

286 974 579 1064 ἑτέρους
622 969 1034 1065 βλάπτουσι
1081 1000 1212 1068 την
1254 974 1677 1069 ἐπικουρίαν
1721 967 2152 1097 ποιήσεσθε,
2222 975 2506 1064 ἔπειτα,

238 1111 245 1118 ’
283 1074 447 1171 περὶ
476 1075 623 1146 τοῖν
654 1074 1014 1166 μεγίστων
1050 1070 1597 1157 κινδυνεύοντας
1629 1070 2049 1167 δεξάμενοι,
2104 1104 2194 1158 ως
2220 1103 2311 1148 αν
2346 1069 2510 1170 μοί-

285 1183 503 1251 λιστα
537 1205 679 1268 μετ
759 1171 1203 1272 αειμνήστου
1247 1179 1665 1277 μαρτυρίου
1712 1174 1847 1276 τήν
1882 1172 2099 1273 χάριν
2142 1185 2508 1251 καταθεῖ-

288 1289 447 1354 σθε.
554 1280 746 1348 Libri
787 1274 1226 1401 ιιατοὲθησθε
1269 1283 1380 1350 vel
1429 1281 1904 1378 καταθῆσθεε
1968 1282 2037 1350 in
2077 1305 2211 1350 uno
2265 1281 2417 1350 cod.
2459 1309 2505 1379 η

288 1407 329 1451 a
353 1383 741 1454 correctore
784 1384 854 1451 in
885 1383 1106 1476 spatio
1141 1383 1426 1453 duarum
1453 1386 1818 1453 litterarum
1851 1408 2106 1479 capace
2143 1395 2505 1455 exaratum.

288 1490 390 1558 Ac
422 1500 614 1555 recte
642 1486 917 1576 quidem
948 1486 1339 1558 Bekkerus.
1393 1488 1523 1558 sed
1545 1511 1685 1556 non
1716 1497 1940 1557 tamen
1984 1488 2348 1556 absurdum
2378 1497 2503 1575 est,

290 1591 473 1680 quod
506 1590 623 1659 Fr.
653 1591 973 1658 Volcmar
1002 1588 1408 1660 Fritzschius
1427 1642 1449 1679 ,
1512 1592 1768 1660 iuvenis
1799 1592 1978 1664 bene
2028 1591 2098 1658 in
2149 1590 2253 1659 his
2319 1591 2504 1658 litte-

289 1695 372 1761 ris
424 1703 747 1778 versatus,
802 1693 1219 1781 coniiciebat,
1270 1688 1810 1791 καταθήσεσθε.
1910 1691 2203 1764 Omnino
2259 1702 2506 1779 autem,

288 1798 407 1865 nisi
435 1797 659 1880 fallor,
707 1798 775 1863 in
811 1797 1110 1884 qualibet
1138 1795 1512 1866 accessoria
1535 1807 1733 1889 parte
1767 1799 2131 1866 sententiae
2158 1796 2248 1876 ἄν
2279 1797 2508 1865 locum

289 1899 530 1985 habet,
602 1900 657 1967 si
702 1899 853 1967 illi
834 1900 963 1991 ipsi
1008 1899 1187 1991 parti
1233 1900 1489 1990 aliquid
1525 1901 1780 1968 fortuiti
1825 1899 2342 1969 adscribendum
2382 1908 2504 1968 est.

291 2003 523 2087 Quare
564 2025 701 2071 non
744 2003 1090 2071 soloecum
1132 2027 1277 2072 esse
1321 2013 1531 2096 puto,
1584 2003 1775 2094 quod
1803 2024 1973 2072 uuus
2001 2005 2254 2117 alterve
2286 2001 2507 2072 codex

288 2107 353 2174 in
381 2106 729 2199 Aristoph.
758 2105 939 2175 Nub.
969 2101 1141 2179 465.
1162 2107 1484 2199 praebet,

623 2252 772 2354 αροί
805 2286 884 2351 γε
913 2254 1128 2333 τοῦτ’
1162 2256 1253 2333 οἷν
1284 2251 1420 2354 ε’γοῖ
1445 2282 1622 2333 mn·

621 2359 948 2457 ὅψομαι;
1562 2388 1585 2398 -

288 2517 445 2585 Νοιι
501 2515 678 2585 enim
719 2517 808 2586 ad
846 2507 1177 2602 futurum,
1231 2515 1353 2586 sed
1393 2516 1483 2585 ad
1513 2513 1740 2589 τοῦτο
1769 2513 2204 2584 referendum
2246 2520 2350 2583 est
2390 2541 2502 2588 αν.

290 2619 501 2706 Quod
546 2621 932 2712 explicatius
974 2620 1071 2688 ita
1110 2620 1329 2689 dicas·
1383 2613 1533 2715 αριί
1566 2647 1734 2713 yet
1688 2614 1906 2692 τοῦτ’
1948 2616 2040 2693 ἄν
2083 2619 2227 2715 εἴη,
2298 2616 2343 2691 ὃ
2367 2609 2507 2709 ἐγώ

288 2719 462 2797 ποτ’
494 2720 834 2818 ὅψομαις
884 2723 1155 2793 Caeteri
1166 2723 1346 2845 libri
1360 2733 1429 2791 et
1457 2723 1735 2792 suidas·
1788 2714 1937 2816 εἶροέ
1962 2748 2042 2814 γε
2068 2717 2282 2795 τοῦτ’
2333 2749 2429 2815 αρ
2474 2747 2506 2812 ‚·

286 2827 622 2917 VenetuS,
676 2819 822 2921 αροῖ
859 2854 939 2919 γε
971 2823 1184 2899 τοῦτ’
1215 2822 1346 2923 ἆρ’
1364 2880 1394 2915 ,
1447 2835 1522 2894 ιιι
1553 2826 1889 2918 Reisigius
1927 2823 2156 2893 edidit.
2260 2823 2404 2892 Sed
2429 2831 2506 2891 ut

291 2927 433 3026 ἄρα
466 2938 629 3021 post
674 2925 819 3024 ἆρα
864 2926 1137 2998 defendi
1175 2930 1428 3023 possit,
1480 2924 1627 3023 ἆρα
1673 2951 1807 2998 non
1838 2935 2081 3021 potest.
2188 2926 2507 2995 Similiter

289 3033 356 3100 in
400 3033 698 3100 Platonis
733 3032 1104 3101 Phaedone
1148 3056 1223 3125 p.
1279 3030 1401 3099 61.
1452 3031 1532 3101 C.
1587 3024 1842 3123 σχεδον
1884 3057 2049 3113 ουν,
2106 3032 2178 3113 ἐξ
2221 3025 2321 3101 ὧν
2367 3021 2509 3121 ἐγω

290 3133 668 3232 ᾔσθημαι,
738 3131 902 3209 ουδ’
952 3134 1348 3216 ὁπωςτιοῧν
1392 3161 1486 3207 αν
1530 3161 1649 3208 σοι
1696 3127 1873 3207 ἑκων
1923 3130 2111 3205 εἶναι
2151 3130 2504 3204 πείσεται.

292 3238 419 3305 Hic
448 3260 727 3329 quoque
758 3239 983 3307 nescio
1018 3262 1105 3306 an
1130 3262 1171 3305 a
1194 3239 1646 3331 grammaticis
1671 3237 2021 3328 expulsum
2041 3235 2123 3303 sit
2148 3260 2264 3322 αν,
2316 3231 2508 3322 quod

296 3342 542 3409 abest'
525 3365 593 3408 m
643 3342 1046 3410 membranis
1103 3341 1491 3409 Bodleianis
1548 3350 1617 3409 et
1661 3340 1802 3407 aliis
1844 3337 2247 3427 quibusdam
2298 3334 2502 3403 codd.

294 3444 697 3537 Xenophon.
751 3444 1013 3538 Cyrop.
1061 3444 1209 3518 vll.
1254 3442 1326 3533 5,
1372 3442 1493 3511 21.
1539 3443 1670 3516 νῦν
1703 3438 1772 3517 δ’
1815 3437 1937 3515 ἐπ’
1974 3466 2250 3519 αυτους
2280 3440 2505 3529 ἴωμεν

297 3551 368 3620 ἐν
416 3545 475 3643 ᾦ
524 3546 779 3620 πολλοὶ
822 3548 958 3640 μὲν
1006 3542 1248 3620 αὐτῶν
1299 3539 1775 3633 καθευδουσι,
1838 3542 2094 3617 πολλοὶ
2141 3537 2211 3616 δ’
2264 3566 2506 3613 αυτων

294 3645 703 3741 μεθύουσι,
768 3645 1032 3730 πάντες
1091 3651 1168 3724 δὲ
1229 3644 1673 3724 ασυνταιιτοί
1720 3652 1935 3720 εἰσιν·
2018 3643 2200 3719 ὅταν
2259 3643 2338 3717 δὲ
2387 3642 2509 3716 καὶ

296 3754 705 3827 αἴσθωνται
745 3780 931 3848 ημας
968 3752 1250 3827 ἕνδον”
1206 3780 1442 3834 οντας,
1496 3745 1685 3824 πολυ
1721 3779 1812 3824 αν
1841 3752 1952 3824 ἔτι
1983 3747 2262 3845 μᾶλλον
2294 3745 2340 3842 ἢ
2375 3746 2507 3818 νῦν

298 3852 575 3951 ἀχρεῖοι
611 3857 903 3929 ἔσονται
938 3882 1079 3929 υπο
1113 3855 1254 3928 τοῦ
1282 3854 1793 3947 ἐκπεπλῆχθαι.
1897 3851 2076 3919 Huic
2101 3850 2257 3917 loco
2294 3848 2507 3916 simil-

295 3958 484 4027 limus
521 3967 627 4027 est
666 3958 780 4026 hic
831 3957 1202 4027 Dinarchi
1184 3982 1253 4025 m
1290 3956 1641 4027 Demosth.
1677 3952 1749 4050 §.
1796 3953 1968 4021 111.
2003 3976 2072 4046 p.
2118 3950 2240 4021 73.
2270 3951 2505 4023 Reisk.

293 4087 390 4155 μη
424 4057 557 4134 οὖν
597 4059 925 4152 ἄχθεσθε
970 4058 1201 4133 αὐτοῦ’
1233 4059 1604 4141 κλαίοντος
1630 4058 1749 4131 και
1781 4052 2269 4153 ὀδυρομένου·
2321 4047 2507 4126 πολυ

296 4158 430 4258 yolo
461 4163 553 4236 ἄν
584 4158 1043 4257 δικαιότερον
1077 4158 1400 4262 ἐλεήσετε
1424 4190 1561 4260 την
1590 4154 1871 4255 χώραν,
1923 4157 2012 4253 ἣν
2041 4154 2254 4237 οὗτος
2285 4156 2509 4229 κατέ-

299 4291 548 4389 στησεν
594 4294 693 4347 εις
730 4261 1140 4353 κινδύνους,
1193 4267 1507 4340 τοιαῦτα
1544 4257 1907 4357 πράττων.
2009 4260 2367 4329 Bekkems
2409 4258 2508 4325 ibi
2568 4360 2572 4364 .

300 4362 659 4466 ἐλεήσαιτε
694 4392 780 4438 ex
810 4372 1191 4439 coniectura
1222 4370 1452 4457 edidit,
1483 4367 1685 4436 valde
1711 4368 1826 4436 illa
1857 4365 2131 4456 quidem
2146 4360 2507 4455 probabili,

300 4470 421 4539 sed
458 4480 686 4544 tamen
728 4496 868 4544 non
914 4473 1259 4545 evidenter
1300 4471 1691 4543 necessaria.
1794 4470 1955 4541 Non
1991 4473 2220 4561 potest
2267 4485 2508 4558 repre-

399 4589 636 4663 Ηιιιιιι.
682 4592 818 4668 ΟΡ.
866 4594 985 4665 lv.
1030 4624 1037 4637 ·
2028 4585 2093 4658 G
