3259 5275
1111 480 1282 542 LIB.
1325 482 1428 545 1v.
1517 482 1711 545 CAP.
1756 486 1812 547 1.
2425 491 2550 556 177

327 691 477 739 men
524 677 799 762 ageret,
844 670 991 760 qui,
1046 670 1257 739 sicubi
1294 670 1527 740 addita
1568 674 1935 765 reperitur,
1990 676 2209 743 statim
2248 677 2540 769 efficeret,

324 796 446 842 nec
486 781 868 864 reputaret,
917 795 1121 865 posse
1155 797 1305 843 eam
1342 774 1629 845 fortasse
1656 778 1788 845 alio
1818 777 2074 846 referri.
2178 780 2286 849 Ac
2314 782 2541 851 multis

317 877 388 946 id
415 877 637 945 modis
669 877 815 945 fieri
840 886 1085 969 potest.
1193 879 1273 945 In
1300 878 1450 969 ipso
1478 880 1594 948 illo
1626 879 2005 950 Phalaridis
2031 881 2187 950 loco
2223 906 2334 973 ep.
2367 882 2538 953 1⁰7.

317 1003 529 1072 quum
587 979 741 1047 libri
794 978 1093 1048 habeant
1141 979 1227 1054 ὃν
1281 977 1930 1072 ἀνεπαχθέστατον
1967 1022 2072 1037 -
2115 988 2535 1081 προςδέχου,

315 1107 451 1177 ego
505 1082 785 1174 quidem
823 1106 956 1151 non
996 1083 1368 1153 tollendum
1420 1083 1510 1158 ἄν
1553 1094 1828 1177 putem,
1886 1087 2008 1156 sed
2047 1088 2438 1158 addendum
2472 1091 2533 1159 ei

311 1184 438 1267 αἶς.
491 1213 824 1279 σωματος
851 1187 989 1311 pag-v
1023 1180 1167 1282 γοῖρ
1196 1184 1609 1304 α’ρρωστίαν
1642 1184 2038 1284 θεραπεύει
2077 1193 2324 1288 τέχνη·
2381 1214 2534 1287 ψυ-

309 1291 436 1385 χῆς
498 1290 574 1362 δὲ
620 1283 840 1362 νόσον
884 1291 1088 1362 ἰᾶται
1133 1284 1504 1409 &eiwon-063
1574 1289 1660 1365 ὃν
1704 1319 1795 1372 ως
1836 1290 1927 1365 ἄν
1980 1296 2536 1384 ἐπαχθέστατον

309 1390 478 1464 ἀντὶ
535 1390 818 1465 πολλῶν
874 1392 995 1463 καὶ
1049 1386 1386 1486 μεγάλων
1434 1387 1935 1490 οἱδικηματων,
2000 1392 2131 1470 οὐκ
2175 1393 2535 1471 οἷκουσίων

309 1489 408 1568 ὦν
446 1495 614 1586 ἐμοὶ
662 1497 1165 1591 προςτρέπεις,
1221 1491 1385 1567 ἀλλ’
1415 1496 1755 1569 ἑκουσίων
1787 1494 1885 1569 ὦν
1915 1491 2133 1580 αὐτος
2176 1501 2532 1595 εἴργασαι,

306 1600 722 1691 προςδεᾝχου
772 1600 1104 1690 Apertum
1133 1607 1253 1682 est,
1296 1598 1390 1666 sic
1415 1597 1601 1692 iungi
1634 1599 1991 1690 quidem
1941 1628 2032 1674 αν
2067 1625 2220 1670 cum
2240 1603 2531 1695 impera-

306 1700 463 1782 tivo,
508 1700 632 1770 sed
671 1721 808 1769 non
834 1702 1166 1770 construi.
1200 1725 1427 1770 sensus
1466 1712 1565 1770 est
1594 1702 1795 1786 enim,
1848 1731 1937 1786 ως
1968 1702 2059 1777 ἄν
2079 1708 2531 1794 ἐπαχθεᾞστα

303 1831 427 1884 τος
456 1806 589 1901 εἴη.
643 1802 869 1896 Magis
892 1804 1135 1874 dubius
1163 1804 1379 1873 videri
1409 1813 1637 1927 potest
1658 1806 2126 1899 Aristophanis
2142 1807 2331 1877 locus
2348 1809 2523 1879 Ach.

305 1905 533 1979 12⁰⁰.
584 1907 701 1975 ubi
750 1900 1153 2003 φιλήσατόν
1190 1935 1287 2000 με
1336 1935 1423 1981 το
1472 1934 2011 2004 περιπεταστον
2055 1905 2521 2004 κάπιμανδα-

302 2006 539 2083 λωτον
584 2009 674 2082 ἄν
698 2010 770 2078 ἱιι
803 2010 960 2078 edd.
999 2011 1389 2102 vulgaribus
1429 2011 1752 2102 scriptum
1785 2020 1923 2099 est,
1975 2012 2099 2082 sed
2127 2012 2328 2081 codd.
2357 2037 2523 2106 par-

299 2114 577 2182 ticulam
620 2115 949 2185 omittunt.
1052 2115 1227 2184 Sunt
1271 2114 1386 2182 illa
1424 2114 1907 2206 antistrophica
1922 2165 1944 2201 ‚
1995 2116 2062 2183 iu
2108 2116 2352 2205 quibus
2394 2118 2523 2185 mi-

297 2240 451 2286 rum
486 2217 556 2285 in
596 2216 875 2285 modum
906 2217 1190 2310 grassati
1217 2226 1371 2287 sunt
1398 2226 1662 2286 veteres
1693 2218 1985 2306 metrici,
2038 2241 2248 2308 quum
2287 2221 2521 2289 trime-

296 2321 831 2408 trosyoluerunt
859 2322 1225 2391 restituere.
1304 2322 1501 2406 Quae
1536 2344 1737 2391 verae
1766 2321 2140 2414 scripturae
2170 2323 2318 2415 sint,
2369 2346 2520 2392 am-

295 2423 583 2516 biguum
613 2433 733 2512 est,
786 2446 996 2514 quum
1025 2433 1313 2518 propter
1340 2425 1668 2495 librorum
1709 2425 2105 2517 dissensum,
2156 2434 2301 2494 tum
2336 2426 2524 2518 quod

292 2526 365 2596 in
389 2527 814 2620 antistropha
835 2550 1064 2597 versus
1093 2527 1356 2601 excidit.
1463 2528 1672 2615 Quod
1706 2530 1763 2598 si
1789 2538 1973 2599 recte
2002 2527 2205 2599 codd.
2244 2528 2522 2619 habent,

506 2661 915 2761 φιλήσατόν
944 2695 1041 2761 με
1037 2665 1467 2761 μαλθακως
1481 2721 1509 2756 ,
1564 2695 1618 2740 ω
1648 2667 1952 2790 χρυσίω,

501 2795 591 2842 το
624 2795 1160 2868 περιπεταστον
1192 2763 1847 2863 κοῖπιμανδαλωτον
1863 2826 1894 2861 ,

290 2905 484 2997 quod
512 2928 671 2974 sane
713 2906 806 2975 ita
836 2906 1136 2993 videtur,
1190 2900 1550 2998 posteriori
1586 2905 1748 2974 huic
1789 2908 2010 2976 versui
2041 2906 2412 2997 respondet
2442 2908 2519 2994 is,

289 3010 414 3099 qui
446 3007 683 3078 addito
719 3010 788 3078 in
818 3010 1003 3078 libris
1035 3010 1438 3101 quibusdam
1476 3005 1605 3083 οὖν
1636 3018 1912 3098 quartus
1941 3008 2261 3102 strophae
2293 3018 2414 3099 est,

496 3150 727 3221 ἐκεῖνο
765 3142 841 3219 δ’
870 3141 1003 3220 οὖν
1027 3141 1331 3222 αιάκτόν
1361 3146 1453 3220 ἄν
1477 3148 1789 3241 γένοιτο.

283 3298 700 3389 lta-'quintus
729 3322 959 3368 versus
986 3300 1444 3392 antistrophae
1459 3350 1479 3385 ‚
1532 3300 1648 3389 qui
1685 3299 1986 3368 trimeter
2012 3300 2338 3369 iambicus
2367 3300 2517 3388 fuit,

282 3404 555 3475 interiit.
661 3403 755 3470 Et
778 3405 872 3472 sic
909 3414 1296 3497 exemptum
1338 3412 1440 3470 est
1466 3401 1602 3471 hoc
1637 3404 2021 3494 exemplum
2049 3404 2164 3488 iis,
2218 3426 2393 3494 quae
2422 3402 2515 3476 ἄν

284 3528 447 3574 cum
500 3507 901 3598 imperativo
949 3507 1245 3575 iunctum
1293 3505 1571 3578 habent.
1675 3507 1837 3575 Non
1883 3506 2104 3574 utilior
2151 3517 2255 3576 est
2299 3507 2515 3576 Rhesi

281 3631 344 3684 v.
379 3607 559 3680 685.
590 3611 660 3677 in
696 3632 833 3700 quo
865 3610 1054 3698 quod
1092 3611 1413 3703 scriptum
1448 3618 1585 3694 est,
1638 3613 1835 3696 παῖε,
1888 3615 2060 3683 παῖε
2087 3610 2223 3691 πᾶς
2252 3638 2365 3691 τις
2392 3608 2512 3699 ἄν,

284 3735 495 3803 quum
519 3722 810 3806 propter
835 3715 966 3781 alia
999 3714 1138 3782 eius
1169 3736 1401 3781 versus
1431 3711 1609 3797 vitia,
1660 3721 1806 3780 tum
1833 3734 1917 3781 eo
1960 3722 2345 3805 suspectum
2387 3724 2511 3796 est,

282 3816 471 3905 quod
504 3818 718 3885 verba
749 3843 861 3897 τις
910 3815 1001 3889 ἂν
1038 3817 1108 3885 in
1149 3817 1557 3907 quibusdam
1599 3815 1801 3883 codd.
1851 3815 2107 3884 desunt.
2216 3815 2511 3886 Omnino

282 3919 392 3988 illa
427 3943 635 3988 scena
663 3922 954 4012 pessime
980 3919 1214 3989 habita
1256 3930 1393 4003 est,
1445 3920 1672 3987 vitiata
1704 3918 1904 3987 etiam
1942 3919 2153 3987 choro
2182 3918 2251 3987 in
2290 3919 2500 3988 hemi-

285 4023 517 4091 choria
552 4024 893 4112 distincto,
947 4046 1158 4112 quum
1186 4024 1432 4116 sing-uli
1458 4023 1685 4115 potius
1726 4031 2030 4091 cantores
2062 4020 2513 4116 distinguendi

284 4124 553 4198 fuerint.
658 4128 809 4195 Hos
855 4127 1130 4217 quidem
1172 4150 1435 4212 versus,
1499 4127 1616 4216 qui
1661 4147 1930 4196 scenam
1988 4126 2193 4218 plane
2240 4137 2514 4218 pertur-

283 4228 482 4312 bant,
537 4230 634 4299 sic
665 4228 1060 4299 scribendos
1092 4230 1408 4299 coniicio.

492 4384 659 4456 OA.
718 4385 922 4475 ἴσχε,
991 4376 1282 4481 θάρσει.
1404 4385 1634 4457 ΧΟΡ
1688 4384 1902 4462 πέλας
1957 4377 2093 4454 ἴθ’.
2205 4380 2366 4453 ΟΔ
2425 4403 2509 4450 ου

950 4484 1059 4583 δή.
1163 4490 1408 4561 ΧΟΡ.
1462 4491 1681 4566 παῖε,
1733 4491 1902 4558 παῖε
1955 4483 2114 4564 πᾶς.
2169 4480 2279 4563 τίς
2331 4475 2434 4574 εἷς

388 4587 638 4657 Ηιιιιιι.
685 4584 822 4659 01».
873 4588 992 4657 lv.
2022 4584 2107 4653 M
