<?xml version="1.0" encoding="UTF-8"?>
<!DOCTYPE html PUBLIC "-//W3C//DTD XHTML 1.0 Transitional//EN"
    "http://www.w3.org/TR/xhtml1/DTD/xhtml1-transitional.dtd">
<html xmlns="http://www.w3.org/1999/xhtml" xml:lang="en" lang="en">
 <head>
  <title>
</title>
<meta http-equiv="Content-Type" content="text/html;charset=utf-8" />
  <meta name='ocr-system' content='tesseract 3.04.00' />
  <meta name='ocr-capabilities' content='ocr_page ocr_carea ocr_par ocr_line ocrx_word'/>
</head>
<body>
  <div class='ocr_page' id='page_1' title='image "./godofrediherman03fritgoog_0286.png"; bbox 0 0 3259 5275; ppageno 0'>
   <div class='ocr_carea' id='block_1_1' title="bbox 830 463 2786 533">
    <p class='ocr_par' dir='ltr' id='par_1_1' title="bbox 830 463 2786 533">
     <span class='ocr_line' id='line_1_1' title="bbox 830 463 2786 533; baseline 0.001 -1"><span class='ocrx_word' id='word_1_1' title='bbox 830 469 958 532; x_wconf 63' lang='lat'><strong><em>270</em></strong></span> <span class='ocrx_word' id='word_1_2' title='bbox 1085 466 1196 527; x_wconf 81' lang='lat' dir='ltr'><strong><em>DE</em></strong></span> <span class='ocrx_word' id='word_1_3' title='bbox 1242 464 1723 527; x_wconf 76' lang='lat' dir='ltr'><strong><em>AEscHYm</em></strong></span> <span class='ocrx_word' id='word_1_4' title='bbox 1770 463 2363 528; x_wconf 76' lang='lat' dir='ltr'>PROMETHEO</span> <span class='ocrx_word' id='word_1_5' title='bbox 2416 467 2786 533; x_wconf 82' lang='lat' dir='ltr'><strong>SOLVTO</strong></span> 
     </span>
    </p>
   </div>
   <div class='ocr_carea' id='block_1_2' title="bbox 822 656 3022 857">
    <p class='ocr_par' dir='ltr' id='par_1_2' title="bbox 822 656 3022 857">
     <span class='ocr_line' id='line_1_2' title="bbox 828 656 3022 758; baseline 0.004 -31"><span class='ocrx_word' id='word_1_6' title='bbox 828 681 1085 751; x_wconf 83' lang='lat' dir='ltr'><strong><em>nasque</em></strong></span> <span class='ocrx_word' id='word_1_7' title='bbox 1111 659 1253 727; x_wconf 83' lang='lat' dir='ltr'><strong><em>lovi</em></strong></span> <span class='ocrx_word' id='word_1_8' title='bbox 1275 657 1417 725; x_wconf 81' lang='lat' dir='ltr'><strong><em>fato</em></strong></span> <span class='ocrx_word' id='word_1_9' title='bbox 1442 656 1847 749; x_wconf 75' lang='lat' dir='ltr'>expendisse</span> <span class='ocrx_word' id='word_1_10' title='bbox 1878 677 2218 750; x_wconf 83' lang='lat' dir='ltr'><strong><em>supremo.</em></strong></span> <span class='ocrx_word' id='word_1_11' title='bbox 2307 659 2477 730; x_wconf 88' lang='lat' dir='ltr'><strong><em>Has</em></strong></span> <span class='ocrx_word' id='word_1_12' title='bbox 2515 661 2754 756; x_wconf 80' lang='lat' dir='ltr'><strong><em>igitur</em></strong></span> <span class='ocrx_word' id='word_1_13' title='bbox 2767 687 3022 758; x_wconf 82' lang='lat' dir='ltr'><strong><em>poenas</em></strong></span> 
     </span>
     <span class='ocr_line' id='line_1_3' title="bbox 822 760 2555 857; baseline 0.001 -25"><span class='ocrx_word' id='word_1_14' title='bbox 822 764 1155 857; x_wconf 80' lang='lat' dir='ltr'><strong><em>pendens</em></strong></span> <span class='ocrx_word' id='word_1_15' title='bbox 1186 760 1473 857; x_wconf 74' lang='lat' dir='ltr'><strong><em>affixus</em></strong></span> <span class='ocrx_word' id='word_1_16' title='bbox 1500 762 1608 829; x_wconf 91' lang='lat' dir='ltr'><strong><em>ad</em></strong></span> <span class='ocrx_word' id='word_1_17' title='bbox 1652 761 2070 831; x_wconf 77' lang='lat' dir='ltr'><strong><em>Caucasum</em></strong></span> <span class='ocrx_word' id='word_1_18' title='bbox 2096 762 2283 831; x_wconf 79' lang='lat' dir='ltr'><strong><em>haec</em></strong></span> <span class='ocrx_word' id='word_1_19' title='bbox 2324 764 2510 834; x_wconf 83' lang='lat' dir='ltr'><strong><em>dicit</em></strong></span> <span class='ocrx_word' id='word_1_20' title='bbox 2532 792 2555 834; x_wconf 86' lang='lat'><strong><em>.-</em></strong></span> 
     </span>
    </p>
   </div>
   <div class='ocr_carea' id='block_1_3' title="bbox 708 912 2906 3814">
    <p class='ocr_par' dir='ltr' id='par_1_3' title="bbox 879 912 2812 1427">
     <span class='ocr_line' id='line_1_4' title="bbox 992 912 2655 1013; baseline 0.004 -29"><span class='ocrx_word' id='word_1_21' title='bbox 992 915 1335 988; x_wconf 84' lang='lat' dir='ltr'><strong><em>Titanum</em></strong></span> <span class='ocrx_word' id='word_1_22' title='bbox 1362 912 1679 1004; x_wconf 80' lang='lat' dir='ltr'><strong><em>suboles,</em></strong></span> <span class='ocrx_word' id='word_1_23' title='bbox 1725 914 1931 985; x_wconf 87' lang='lat' dir='ltr'><strong><em>socia</em></strong></span> <span class='ocrx_word' id='word_1_24' title='bbox 1956 915 2196 984; x_wconf 77' lang='lat' dir='ltr'><strong><em>nostri</em></strong></span> <span class='ocrx_word' id='word_1_25' title='bbox 2226 920 2616 1013; x_wconf 79' lang='lat' dir='ltr'><strong><em>sanguinis</em></strong></span> <span class='ocrx_word' id='word_1_26' title='bbox 2632 974 2655 1010; x_wconf 88' lang='lat'>,</span> 
     </span>
     <span class='ocr_line' id='line_1_5' title="bbox 982 1019 2812 1118; baseline 0.002 -28"><span class='ocrx_word' id='word_1_27' title='bbox 982 1029 1357 1115; x_wconf 85' lang='lat' dir='ltr'><strong><em>generata</em></strong></span> <span class='ocrx_word' id='word_1_28' title='bbox 1387 1021 1628 1104; x_wconf 86' lang='lat' dir='ltr'><strong><em>caelo,</em></strong></span> <span class='ocrx_word' id='word_1_29' title='bbox 1685 1019 2052 1112; x_wconf 78' lang='lat' dir='ltr'><strong><em>adspicite</em></strong></span> <span class='ocrx_word' id='word_1_30' title='bbox 2083 1020 2491 1113; x_wconf 87' lang='lat' dir='ltr'><strong><em>religatum</em></strong></span> <span class='ocrx_word' id='word_1_31' title='bbox 2521 1025 2812 1118; x_wconf 83' lang='lat' dir='ltr'><strong><em>asperis</em></strong></span> 
     </span>
     <span class='ocr_line' id='line_1_6' title="bbox 983 1124 2793 1222; baseline 0.002 -28"><span class='ocrx_word' id='word_1_32' title='bbox 983 1125 1440 1216; x_wconf 83' lang='lat' dir='ltr'><strong><em>vinctumque</em></strong></span> <span class='ocrx_word' id='word_1_33' title='bbox 1472 1124 1716 1209; x_wconf 70' lang='lat' dir='ltr'><strong><em>saxis,</em></strong></span> <span class='ocrx_word' id='word_1_34' title='bbox 1768 1146 2028 1192; x_wconf 87' lang='lat' dir='ltr'><strong><em>navem</em></strong></span> <span class='ocrx_word' id='word_1_35' title='bbox 2051 1131 2133 1191; x_wconf 83' lang='lat' dir='ltr'><strong><em>ut</em></strong></span> <span class='ocrx_word' id='word_1_36' title='bbox 2163 1124 2555 1198; x_wconf 75' lang='lat' dir='ltr'><strong><em>horrisono</em></strong></span> <span class='ocrx_word' id='word_1_37' title='bbox 2571 1128 2793 1222; x_wconf 76' lang='lat' dir='ltr'><strong><em>freto</em></strong></span> 
     </span>
     <span class='ocr_line' id='line_1_7' title="bbox 982 1227 2716 1322; baseline 0.002 -24"><span class='ocrx_word' id='word_1_38' title='bbox 982 1237 1270 1298; x_wconf 87' lang='lat' dir='ltr'><strong><em>noctem</em></strong></span> <span class='ocrx_word' id='word_1_39' title='bbox 1294 1237 1653 1322; x_wconf 79' lang='lat' dir='ltr'><strong><em>paventes</em></strong></span> <span class='ocrx_word' id='word_1_40' title='bbox 1687 1227 1925 1297; x_wconf 80' lang='lat' dir='ltr'><strong><em>timidi</em></strong></span> <span class='ocrx_word' id='word_1_41' title='bbox 1963 1228 2369 1298; x_wconf 84' lang='lat' dir='ltr'><strong><em>adnectunt</em></strong></span> <span class='ocrx_word' id='word_1_42' title='bbox 2396 1234 2716 1303; x_wconf 76' lang='lat' dir='ltr'><strong><em>navitae.</em></strong></span> 
     </span>
     <span class='ocr_line' id='line_1_8' title="bbox 879 1330 2379 1427; baseline 0.001 -25"><span class='ocrx_word' id='word_1_43' title='bbox 879 1331 931 1402; x_wconf 81' lang='lat'>5</span> <span class='ocrx_word' id='word_1_44' title='bbox 983 1331 1394 1402; x_wconf 82' lang='lat' dir='ltr'><strong><em>Saturnius</em></strong></span> <span class='ocrx_word' id='word_1_45' title='bbox 1426 1354 1541 1401; x_wconf 89' lang='lat' dir='ltr'><strong><em>me</em></strong></span> <span class='ocrx_word' id='word_1_46' title='bbox 1572 1331 1684 1402; x_wconf 88' lang='lat' dir='ltr'><strong><em>sic</em></strong></span> <span class='ocrx_word' id='word_1_47' title='bbox 1721 1330 1966 1427; x_wconf 81' lang='lat' dir='ltr'><strong><em>infixit</em></strong></span> <span class='ocrx_word' id='word_1_48' title='bbox 1999 1331 2379 1424; x_wconf 72' lang='lat' dir='ltr'><strong><em>Iuppiter,</em></strong></span> 
     </span>
    </p>

    <p class='ocr_par' dir='ltr' id='par_1_4' title="bbox 966 1433 2896 1840">
     <span class='ocr_line' id='line_1_9' title="bbox 984 1433 2606 1528; baseline 0.001 -23"><span class='ocrx_word' id='word_1_49' title='bbox 984 1436 1323 1528; x_wconf 84' lang='lat' dir='ltr'><strong><em>Iovisque</em></strong></span> <span class='ocrx_word' id='word_1_50' title='bbox 1344 1457 1605 1510; x_wconf 81' lang='lat' dir='ltr'><strong><em>numen</em></strong></span> <span class='ocrx_word' id='word_1_51' title='bbox 1638 1433 1990 1506; x_wconf 80' lang='lat' dir='ltr'><strong><em>Mulcibri</em></strong></span> <span class='ocrx_word' id='word_1_52' title='bbox 2015 1435 2286 1505; x_wconf 86' lang='lat' dir='ltr'><strong><em>arcivit</em></strong></span> <span class='ocrx_word' id='word_1_53' title='bbox 2321 1460 2606 1507; x_wconf 86' lang='lat' dir='ltr'><strong><em>manus.</em></strong></span> 
     </span>
     <span class='ocr_line' id='line_1_10' title="bbox 981 1538 2561 1633; baseline 0.003 -25"><span class='ocrx_word' id='word_1_54' title='bbox 981 1540 1117 1611; x_wconf 79' lang='lat' dir='ltr'><strong><em>hos</em></strong></span> <span class='ocrx_word' id='word_1_55' title='bbox 1141 1541 1266 1609; x_wconf 85' lang='lat' dir='ltr'><strong><em>ille</em></strong></span> <span class='ocrx_word' id='word_1_56' title='bbox 1291 1562 1554 1609; x_wconf 90' lang='lat' dir='ltr'><strong><em>cuneos</em></strong></span> <span class='ocrx_word' id='word_1_57' title='bbox 1556 1538 1881 1633; x_wconf 76' lang='lat' dir='ltr'><strong><em>fabrica</em></strong></span> <span class='ocrx_word' id='word_1_58' title='bbox 1908 1539 2199 1607; x_wconf 86' lang='lat' dir='ltr'><strong><em>crudeli</em></strong></span> <span class='ocrx_word' id='word_1_59' title='bbox 2228 1541 2561 1612; x_wconf 86' lang='lat' dir='ltr'><strong><em>inserens</em></strong></span> 
     </span>
     <span class='ocr_line' id='line_1_11' title="bbox 966 1642 2435 1739; baseline 0.001 -26"><span class='ocrx_word' id='word_1_60' title='bbox 966 1644 1315 1739; x_wconf 73' lang='lat' dir='ltr'><strong><em>perrupit</em></strong></span> <span class='ocrx_word' id='word_1_61' title='bbox 1354 1653 1610 1714; x_wconf 81' lang='lat' dir='ltr'><strong><em>artus.-</em></strong></span> <span class='ocrx_word' id='word_1_62' title='bbox 1658 1666 1807 1736; x_wconf 80' lang='lat' dir='ltr'><strong><em>qua</em></strong></span> <span class='ocrx_word' id='word_1_63' title='bbox 1835 1643 2059 1712; x_wconf 87' lang='lat' dir='ltr'><strong><em>miser</em></strong></span> <span class='ocrx_word' id='word_1_64' title='bbox 2091 1642 2435 1716; x_wconf 88' lang='lat' dir='ltr'><strong><em>sollertia</em></strong></span> 
     </span>
     <span class='ocr_line' id='line_1_12' title="bbox 983 1746 2896 1840; baseline -0.001 -22"><span class='ocrx_word' id='word_1_65' title='bbox 983 1746 1634 1818; x_wconf 73' lang='lat' dir='ltr'><strong><em>transverberatus</em></strong></span> <span class='ocrx_word' id='word_1_66' title='bbox 1667 1755 2000 1840; x_wconf 77' lang='lat' dir='ltr'><strong><em>castrum</em></strong></span> <span class='ocrx_word' id='word_1_67' title='bbox 2025 1746 2167 1816; x_wconf 79' lang='lat' dir='ltr'><strong><em>hoc</em></strong></span> <span class='ocrx_word' id='word_1_68' title='bbox 2203 1747 2610 1820; x_wconf 73' lang='lat' dir='ltr'><strong><em>Furiarum</em></strong></span> <span class='ocrx_word' id='word_1_69' title='bbox 2643 1748 2896 1820; x_wconf 88' lang='lat' dir='ltr'><strong><em>incolo.</em></strong></span> 
     </span>
    </p>

    <p class='ocr_par' dir='ltr' id='par_1_5' title="bbox 831 1849 2845 2360">
     <span class='ocr_line' id='line_1_13' title="bbox 831 1849 2310 1952; baseline 0.003 -36"><span class='ocrx_word' id='word_1_70' title='bbox 831 1850 929 1918; x_wconf 75' lang='lat'><strong><em>1⁰</em></strong></span> <span class='ocrx_word' id='word_1_71' title='bbox 980 1852 1131 1920; x_wconf 89' lang='lat' dir='ltr'><strong><em>iam</em></strong></span> <span class='ocrx_word' id='word_1_72' title='bbox 1158 1852 1377 1921; x_wconf 83' lang='lat' dir='ltr'><strong><em>tertio</em></strong></span> <span class='ocrx_word' id='word_1_73' title='bbox 1415 1874 1531 1919; x_wconf 88' lang='lat' dir='ltr'><strong><em>me</em></strong></span> <span class='ocrx_word' id='word_1_74' title='bbox 1563 1872 1843 1952; x_wconf 72' lang='lat' dir='ltr'><strong><em>quoque</em></strong></span> <span class='ocrx_word' id='word_1_75' title='bbox 1846 1849 2157 1944; x_wconf 78' lang='lat' dir='ltr'><strong><em>funesto</em></strong></span> <span class='ocrx_word' id='word_1_76' title='bbox 2189 1851 2310 1921; x_wconf 85' lang='lat' dir='ltr'><strong><em>die</em></strong></span> 
     </span>
     <span class='ocr_line' id='line_1_14' title="bbox 980 1953 2717 2050; baseline 0 -24"><span class='ocrx_word' id='word_1_77' title='bbox 980 1956 1179 2026; x_wconf 86' lang='lat' dir='ltr'><strong><em>tristi</em></strong></span> <span class='ocrx_word' id='word_1_78' title='bbox 1210 1956 1572 2025; x_wconf 83' lang='lat' dir='ltr'><strong><em>advolatu</em></strong></span> <span class='ocrx_word' id='word_1_79' title='bbox 1606 1955 1924 2024; x_wconf 78' lang='lat' dir='ltr'><strong><em>aduncis</em></strong></span> <span class='ocrx_word' id='word_1_80' title='bbox 1956 1955 2311 2025; x_wconf 88' lang='lat' dir='ltr'><strong><em>lacerans</em></strong></span> <span class='ocrx_word' id='word_1_81' title='bbox 2342 1953 2717 2050; x_wconf 82' lang='lat' dir='ltr'><strong><em>unguibus</em></strong></span> 
     </span>
     <span class='ocr_line' id='line_1_15' title="bbox 976 2053 2326 2153; baseline -0.001 -25"><span class='ocrx_word' id='word_1_82' title='bbox 976 2053 1173 2129; x_wconf 88' lang='lat' dir='ltr'><strong><em>Iovis</em></strong></span> <span class='ocrx_word' id='word_1_83' title='bbox 1201 2059 1503 2131; x_wconf 74' lang='lat' dir='ltr'><strong><em>satelles</em></strong></span> <span class='ocrx_word' id='word_1_84' title='bbox 1519 2068 1757 2153; x_wconf 80' lang='lat' dir='ltr'><strong><em>pastu</em></strong></span> <span class='ocrx_word' id='word_1_85' title='bbox 1785 2058 2113 2127; x_wconf 87' lang='lat' dir='ltr'><strong><em>dilaniat</em></strong></span> <span class='ocrx_word' id='word_1_86' title='bbox 2120 2056 2326 2151; x_wconf 83' lang='lat' dir='ltr'><strong><em>sero.</em></strong></span> 
     </span>
     <span class='ocr_line' id='line_1_16' title="bbox 978 2157 2680 2258; baseline -0.002 -25"><span class='ocrx_word' id='word_1_87' title='bbox 978 2173 1129 2233; x_wconf 84' lang='lat' dir='ltr'><strong><em>tum</em></strong></span> <span class='ocrx_word' id='word_1_88' title='bbox 1157 2164 1399 2232; x_wconf 83' lang='lat' dir='ltr'><strong><em>iecore</em></strong></span> <span class='ocrx_word' id='word_1_89' title='bbox 1429 2162 1664 2256; x_wconf 80' lang='lat' dir='ltr'><strong><em>opimo</em></strong></span> <span class='ocrx_word' id='word_1_90' title='bbox 1676 2161 1918 2256; x_wconf 83' lang='lat' dir='ltr'><strong><em>sarta</em></strong></span> <span class='ocrx_word' id='word_1_91' title='bbox 1947 2170 2019 2230; x_wconf 83' lang='lat' dir='ltr'><strong><em>et</em></strong></span> <span class='ocrx_word' id='word_1_92' title='bbox 2048 2160 2339 2232; x_wconf 84' lang='lat' dir='ltr'><strong><em>satiata</em></strong></span> <span class='ocrx_word' id='word_1_93' title='bbox 2373 2157 2680 2258; x_wconf 81' lang='lat' dir='ltr'><strong><em>affatim</em></strong></span> 
     </span>
     <span class='ocr_line' id='line_1_17' title="bbox 978 2263 2845 2360; baseline -0.002 -23"><span class='ocrx_word' id='word_1_94' title='bbox 978 2269 1416 2360; x_wconf 87' lang='lat' dir='ltr'><strong><em>clangorem</em></strong></span> <span class='ocrx_word' id='word_1_95' title='bbox 1421 2265 1689 2359; x_wconf 77' lang='lat' dir='ltr'><strong><em>fundit</em></strong></span> <span class='ocrx_word' id='word_1_96' title='bbox 1721 2274 2044 2351; x_wconf 72' lang='lat' dir='ltr'><strong><em>vastum,</em></strong></span> <span class='ocrx_word' id='word_1_97' title='bbox 2100 2273 2171 2333; x_wconf 83' lang='lat' dir='ltr'><strong><em>et</em></strong></span> <span class='ocrx_word' id='word_1_98' title='bbox 2200 2263 2504 2334; x_wconf 83' lang='lat' dir='ltr'><strong><em>sublime</em></strong></span> <span class='ocrx_word' id='word_1_99' title='bbox 2533 2266 2845 2333; x_wconf 84' lang='lat' dir='ltr'><strong><em>avolans</em></strong></span> 
     </span>
    </p>

    <p class='ocr_par' dir='ltr' id='par_1_6' title="bbox 823 2365 2906 2568">
     <span class='ocr_line' id='line_1_18' title="bbox 823 2365 2716 2465; baseline 0.002 -30"><span class='ocrx_word' id='word_1_100' title='bbox 823 2365 922 2437; x_wconf 82' lang='lat'><strong><em>15</em></strong></span> <span class='ocrx_word' id='word_1_101' title='bbox 962 2370 1284 2465; x_wconf 79' lang='lat' dir='ltr'><strong><em>pinnata</em></strong></span> <span class='ocrx_word' id='word_1_102' title='bbox 1313 2370 1565 2439; x_wconf 87' lang='lat' dir='ltr'><strong><em>cauda</em></strong></span> <span class='ocrx_word' id='word_1_103' title='bbox 1589 2378 1926 2439; x_wconf 82' lang='lat' dir='ltr'><strong><em>nostrum</em></strong></span> <span class='ocrx_word' id='word_1_104' title='bbox 1954 2369 2223 2437; x_wconf 86' lang='lat' dir='ltr'><strong><em>adulat</em></strong></span> <span class='ocrx_word' id='word_1_105' title='bbox 2250 2368 2716 2461; x_wconf 82' lang='lat' dir='ltr'><strong><em>sanguinem.</em></strong></span> 
     </span>
     <span class='ocr_line' id='line_1_19' title="bbox 976 2471 2906 2568; baseline -0.001 -25"><span class='ocrx_word' id='word_1_106' title='bbox 976 2496 1192 2567; x_wconf 75' lang='lat' dir='ltr'><strong><em>quum</em></strong></span> <span class='ocrx_word' id='word_1_107' title='bbox 1222 2496 1399 2543; x_wconf 87' lang='lat' dir='ltr'><strong><em>vero</em></strong></span> <span class='ocrx_word' id='word_1_108' title='bbox 1429 2474 1741 2543; x_wconf 86' lang='lat' dir='ltr'><strong><em>adesum</em></strong></span> <span class='ocrx_word' id='word_1_109' title='bbox 1770 2471 2038 2568; x_wconf 84' lang='lat' dir='ltr'><strong><em>inflatu</em></strong></span> <span class='ocrx_word' id='word_1_110' title='bbox 2069 2482 2497 2541; x_wconf 85' lang='lat' dir='ltr'><strong><em>renovatum</em></strong></span> <span class='ocrx_word' id='word_1_111' title='bbox 2533 2482 2648 2543; x_wconf 89' lang='lat' dir='ltr'><strong><em>est</em></strong></span> <span class='ocrx_word' id='word_1_112' title='bbox 2677 2472 2906 2564; x_wconf 83' lang='lat' dir='ltr'><strong><em>iecur,</em></strong></span> 
     </span>
    </p>

    <p class='ocr_par' dir='ltr' id='par_1_7' title="bbox 841 2575 2784 2880">
     <span class='ocr_line' id='line_1_20' title="bbox 841 2575 2784 2670; baseline -0.001 -21"><span class='ocrx_word' id='word_1_113' title='bbox 841 2581 844 2592; x_wconf 79' lang='grc'>’</span> <span class='ocrx_word' id='word_1_114' title='bbox 972 2587 1124 2649; x_wconf 89' lang='lat' dir='ltr'><strong><em>tum</em></strong></span> <span class='ocrx_word' id='word_1_115' title='bbox 1151 2600 1414 2648; x_wconf 89' lang='lat' dir='ltr'><strong><em>rursus</em></strong></span> <span class='ocrx_word' id='word_1_116' title='bbox 1446 2586 1680 2648; x_wconf 87' lang='lat' dir='ltr'><strong><em>tetros</em></strong></span> <span class='ocrx_word' id='word_1_117' title='bbox 1715 2578 1946 2648; x_wconf 85' lang='lat' dir='ltr'><strong><em>avida</em></strong></span> <span class='ocrx_word' id='word_1_118' title='bbox 1982 2598 2062 2646; x_wconf 93' lang='lat' dir='ltr'><strong><em>se</em></strong></span> <span class='ocrx_word' id='word_1_119' title='bbox 2092 2577 2200 2646; x_wconf 86' lang='lat' dir='ltr'><strong><em>ad</em></strong></span> <span class='ocrx_word' id='word_1_120' title='bbox 2220 2584 2495 2670; x_wconf 79' lang='lat' dir='ltr'><strong><em>pastus</em></strong></span> <span class='ocrx_word' id='word_1_121' title='bbox 2524 2575 2784 2670; x_wconf 80' lang='lat' dir='ltr'><strong><em>refert.</em></strong></span> 
     </span>
     <span class='ocr_line' id='line_1_21' title="bbox 970 2681 2618 2769; baseline -0.001 -18"><span class='ocrx_word' id='word_1_122' title='bbox 970 2683 1079 2751; x_wconf 89' lang='lat' dir='ltr'><strong><em>sic</em></strong></span> <span class='ocrx_word' id='word_1_123' title='bbox 1107 2682 1304 2752; x_wconf 81' lang='lat' dir='ltr'><strong><em>hanc</em></strong></span> <span class='ocrx_word' id='word_1_124' title='bbox 1334 2683 1715 2751; x_wconf 82' lang='lat' dir='ltr'><strong><em>custodem</em></strong></span> <span class='ocrx_word' id='word_1_125' title='bbox 1745 2681 2011 2751; x_wconf 83' lang='lat' dir='ltr'><strong><em>maesti</em></strong></span> <span class='ocrx_word' id='word_1_126' title='bbox 2045 2681 2419 2750; x_wconf 86' lang='lat' dir='ltr'><strong><em>cruciatus</em></strong></span> <span class='ocrx_word' id='word_1_127' title='bbox 2456 2681 2618 2769; x_wconf 86' lang='lat' dir='ltr'><strong><em>alo,</em></strong></span> 
     </span>
     <span class='ocr_line' id='line_1_22' title="bbox 969 2783 2526 2880; baseline 0 -25"><span class='ocrx_word' id='word_1_128' title='bbox 969 2810 1158 2880; x_wconf 81' lang='lat' dir='ltr'><strong><em>quae</em></strong></span> <span class='ocrx_word' id='word_1_129' title='bbox 1190 2809 1305 2855; x_wconf 89' lang='lat' dir='ltr'><strong><em>me</em></strong></span> <span class='ocrx_word' id='word_1_130' title='bbox 1316 2788 1629 2880; x_wconf 81' lang='lat' dir='ltr'><strong><em>perenni</em></strong></span> <span class='ocrx_word' id='word_1_131' title='bbox 1650 2787 1888 2854; x_wconf 87' lang='lat' dir='ltr'><strong><em>vivum</em></strong></span> <span class='ocrx_word' id='word_1_132' title='bbox 1896 2784 2179 2878; x_wconf 76' lang='lat' dir='ltr'><strong><em>foedat</em></strong></span> <span class='ocrx_word' id='word_1_133' title='bbox 2203 2783 2526 2856; x_wconf 88' lang='lat' dir='ltr'><strong><em>miseria.</em></strong></span> 
     </span>
    </p>

    <p class='ocr_par' dir='ltr' id='par_1_8' title="bbox 810 2885 2796 3193">
     <span class='ocr_line' id='line_1_23' title="bbox 810 2885 2796 2984; baseline 0.001 -29"><span class='ocrx_word' id='word_1_134' title='bbox 810 2885 917 2955; x_wconf 75' lang='lat'><strong><em>2⁰</em></strong></span> <span class='ocrx_word' id='word_1_135' title='bbox 967 2913 1316 2984; x_wconf 80' lang='lat' dir='ltr'><strong><em>namque,</em></strong></span> <span class='ocrx_word' id='word_1_136' title='bbox 1370 2898 1451 2959; x_wconf 86' lang='lat' dir='ltr'><strong><em>ut</em></strong></span> <span class='ocrx_word' id='word_1_137' title='bbox 1476 2890 1776 2976; x_wconf 83' lang='lat' dir='ltr'><strong><em>videtis,</em></strong></span> <span class='ocrx_word' id='word_1_138' title='bbox 1826 2890 2086 2958; x_wconf 87' lang='lat' dir='ltr'><strong><em>vinclis</em></strong></span> <span class='ocrx_word' id='word_1_139' title='bbox 2117 2889 2562 2958; x_wconf 86' lang='lat' dir='ltr'><strong><em>constrictus</em></strong></span> <span class='ocrx_word' id='word_1_140' title='bbox 2593 2885 2796 2956; x_wconf 86' lang='lat' dir='ltr'><strong><em>Iovis</em></strong></span> 
     </span>
     <span class='ocr_line' id='line_1_24' title="bbox 969 2993 2662 3088; baseline -0.002 -25"><span class='ocrx_word' id='word_1_141' title='bbox 969 3018 1237 3064; x_wconf 85' lang='lat' dir='ltr'><strong><em>arcere</em></strong></span> <span class='ocrx_word' id='word_1_142' title='bbox 1271 3017 1546 3088; x_wconf 81' lang='lat' dir='ltr'><strong><em>nequeo</em></strong></span> <span class='ocrx_word' id='word_1_143' title='bbox 1573 2995 1826 3064; x_wconf 86' lang='lat' dir='ltr'><strong><em>diram</em></strong></span> <span class='ocrx_word' id='word_1_144' title='bbox 1855 2993 2227 3062; x_wconf 88' lang='lat' dir='ltr'><strong><em>volucrem</em></strong></span> <span class='ocrx_word' id='word_1_145' title='bbox 2264 3015 2316 3059; x_wconf 89' lang='lat' dir='ltr'><strong><em>a</em></strong></span> <span class='ocrx_word' id='word_1_146' title='bbox 2330 3001 2662 3085; x_wconf 81' lang='lat' dir='ltr'><strong><em>pectore.</em></strong></span> 
     </span>
     <span class='ocr_line' id='line_1_25' title="bbox 968 3095 2599 3193; baseline -0.003 -24"><span class='ocrx_word' id='word_1_147' title='bbox 968 3099 1076 3169; x_wconf 86' lang='lat' dir='ltr'><strong><em>sic</em></strong></span> <span class='ocrx_word' id='word_1_148' title='bbox 1104 3122 1218 3169; x_wconf 89' lang='lat' dir='ltr'><strong><em>me</em></strong></span> <span class='ocrx_word' id='word_1_149' title='bbox 1250 3100 1404 3193; x_wconf 81' lang='lat' dir='ltr'><strong><em>ipse</em></strong></span> <span class='ocrx_word' id='word_1_150' title='bbox 1429 3098 1695 3168; x_wconf 87' lang='lat' dir='ltr'><strong><em>viduus</em></strong></span> <span class='ocrx_word' id='word_1_151' title='bbox 1714 3097 1951 3191; x_wconf 84' lang='lat' dir='ltr'><strong><em>pestis</em></strong></span> <span class='ocrx_word' id='word_1_152' title='bbox 1982 3096 2265 3188; x_wconf 72' lang='lat' dir='ltr'><strong><em>excipio</em></strong></span> <span class='ocrx_word' id='word_1_153' title='bbox 2293 3095 2562 3164; x_wconf 74' lang='lat' dir='ltr'><strong><em>anxias</em></strong></span> <span class='ocrx_word' id='word_1_154' title='bbox 2579 3145 2599 3182; x_wconf 88' lang='lat'>‚</span> 
     </span>
    </p>

    <p class='ocr_par' dir='ltr' id='par_1_9' title="bbox 708 3199 2599 3291">
     <span class='ocr_line' id='line_1_26' title="bbox 708 3199 2599 3291; baseline -0.002 -21"><span class='ocrx_word' id='word_1_155' title='bbox 708 3200 811 3270; x_wconf 77' lang='lat' dir='ltr'><strong><em>lo</em></strong></span> <span class='ocrx_word' id='word_1_156' title='bbox 967 3224 1222 3273; x_wconf 88' lang='lat' dir='ltr'><strong><em>amore</em></strong></span> <span class='ocrx_word' id='word_1_157' title='bbox 1246 3203 1506 3272; x_wconf 86' lang='lat' dir='ltr'><strong><em>mortis</em></strong></span> <span class='ocrx_word' id='word_1_158' title='bbox 1540 3202 1926 3271; x_wconf 80' lang='lat' dir='ltr'><strong><em>terminum</em></strong></span> <span class='ocrx_word' id='word_1_159' title='bbox 1955 3199 2353 3291; x_wconf 78' lang='lat' dir='ltr'><strong><em>anquirens</em></strong></span> <span class='ocrx_word' id='word_1_160' title='bbox 2380 3199 2562 3267; x_wconf 90' lang='lat' dir='ltr'><strong><em>mali</em></strong></span> <span class='ocrx_word' id='word_1_161' title='bbox 2572 3221 2599 3266; x_wconf 91' lang='lat'><strong><em>.·</em></strong></span> 
     </span>
    </p>

    <p class='ocr_par' dir='ltr' id='par_1_10' title="bbox 964 3302 2526 3401">
     <span class='ocr_line' id='line_1_27' title="bbox 964 3302 2526 3401; baseline -0.005 -24"><span class='ocrx_word' id='word_1_162' title='bbox 964 3309 1099 3377; x_wconf 89' lang='lat' dir='ltr'><strong><em>sed</em></strong></span> <span class='ocrx_word' id='word_1_163' title='bbox 1128 3309 1352 3401; x_wconf 86' lang='lat' dir='ltr'><strong><em>longe</em></strong></span> <span class='ocrx_word' id='word_1_164' title='bbox 1382 3331 1432 3376; x_wconf 93' lang='lat' dir='ltr'><strong><em>a</em></strong></span> <span class='ocrx_word' id='word_1_165' title='bbox 1462 3307 1602 3377; x_wconf 85' lang='lat' dir='ltr'><strong><em>leto</em></strong></span> <span class='ocrx_word' id='word_1_166' title='bbox 1630 3305 1919 3375; x_wconf 85' lang='lat' dir='ltr'><strong><em>numine</em></strong></span> <span class='ocrx_word' id='word_1_167' title='bbox 1952 3303 2280 3396; x_wconf 80' lang='lat' dir='ltr'><strong><em>aspellor</em></strong></span> <span class='ocrx_word' id='word_1_168' title='bbox 2307 3302 2526 3371; x_wconf 86' lang='lat' dir='ltr'><strong><em>Iovis.</em></strong></span> 
     </span>
    </p>

    <p class='ocr_par' dir='ltr' id='par_1_11' title="bbox 808 3404 2852 3814">
     <span class='ocr_line' id='line_1_28' title="bbox 808 3404 2796 3503; baseline -0.001 -29"><span class='ocrx_word' id='word_1_169' title='bbox 808 3404 910 3476; x_wconf 81' lang='lat'><strong><em>25</em></strong></span> <span class='ocrx_word' id='word_1_170' title='bbox 964 3421 1186 3503; x_wconf 81' lang='lat' dir='ltr'><strong><em>atque</em></strong></span> <span class='ocrx_word' id='word_1_171' title='bbox 1211 3411 1399 3480; x_wconf 80' lang='lat' dir='ltr'><strong><em>haec</em></strong></span> <span class='ocrx_word' id='word_1_172' title='bbox 1431 3419 1721 3479; x_wconf 84' lang='lat' dir='ltr'><strong><em>vetusta</em></strong></span> <span class='ocrx_word' id='word_1_173' title='bbox 1748 3409 1966 3478; x_wconf 82' lang='lat' dir='ltr'><strong><em>seclis</em></strong></span> <span class='ocrx_word' id='word_1_174' title='bbox 1993 3407 2428 3498; x_wconf 78' lang='lat' dir='ltr'><strong><em>glomerata</em></strong></span> <span class='ocrx_word' id='word_1_175' title='bbox 2454 3404 2796 3474; x_wconf 78' lang='lat' dir='ltr'><strong><em>horridis</em></strong></span> 
     </span>
     <span class='ocr_line' id='line_1_29' title="bbox 960 3498 2660 3611; baseline -0.002 -29"><span class='ocrx_word' id='word_1_176' title='bbox 960 3513 1295 3611; x_wconf 67' lang='lat' dir='ltr'><strong><em>luctifica</em></strong></span> <span class='ocrx_word' id='word_1_177' title='bbox 1324 3498 1583 3583; x_wconf 84' lang='lat' dir='ltr'><strong><em>clades</em></strong></span> <span class='ocrx_word' id='word_1_178' title='bbox 1611 3522 1869 3583; x_wconf 88' lang='lat' dir='ltr'><strong><em>nostro</em></strong></span> <span class='ocrx_word' id='word_1_179' title='bbox 1898 3509 2137 3607; x_wconf 81' lang='lat' dir='ltr'><strong><em>infixa</em></strong></span> <span class='ocrx_word' id='word_1_180' title='bbox 2174 3518 2286 3580; x_wconf 89' lang='lat' dir='ltr'><strong><em>est</em></strong></span> <span class='ocrx_word' id='word_1_181' title='bbox 2317 3508 2618 3603; x_wconf 62' lang='lat' dir='ltr'><strong><em>corpori</em></strong></span> <span class='ocrx_word' id='word_1_182' title='bbox 2636 3554 2660 3595; x_wconf 90' lang='lat'>,</span> 
     </span>
     <span class='ocr_line' id='line_1_30' title="bbox 952 3614 2450 3710; baseline -0.004 -23"><span class='ocrx_word' id='word_1_183' title='bbox 952 3640 996 3687; x_wconf 87' lang='lat' dir='ltr'><strong><em>e</em></strong></span> <span class='ocrx_word' id='word_1_184' title='bbox 1031 3641 1167 3709; x_wconf 82' lang='lat' dir='ltr'><strong><em>quo</em></strong></span> <span class='ocrx_word' id='word_1_185' title='bbox 1199 3619 1535 3710; x_wconf 81' lang='lat' dir='ltr'><strong><em>liquatae</em></strong></span> <span class='ocrx_word' id='word_1_186' title='bbox 1568 3617 1747 3688; x_wconf 87' lang='lat' dir='ltr'><strong><em>solis</em></strong></span> <span class='ocrx_word' id='word_1_187' title='bbox 1785 3617 2067 3685; x_wconf 86' lang='lat' dir='ltr'><strong><em>ardore</em></strong></span> <span class='ocrx_word' id='word_1_188' title='bbox 2100 3614 2450 3683; x_wconf 81' lang='lat' dir='ltr'><strong><em>excidunt</em></strong></span> 
     </span>
     <span class='ocr_line' id='line_1_31' title="bbox 954 3710 2852 3814; baseline -0.005 -23"><span class='ocrx_word' id='word_1_189' title='bbox 954 3731 1267 3814; x_wconf 84' lang='lat' dir='ltr'><strong><em>guttae,</em></strong></span> <span class='ocrx_word' id='word_1_190' title='bbox 1322 3745 1510 3814; x_wconf 81' lang='lat' dir='ltr'><strong><em>quae</em></strong></span> <span class='ocrx_word' id='word_1_191' title='bbox 1540 3744 1738 3790; x_wconf 75' lang='lat' dir='ltr'><strong><em>saxa</em></strong></span> <span class='ocrx_word' id='word_1_192' title='bbox 1768 3719 2068 3789; x_wconf 84' lang='lat' dir='ltr'><strong><em>assidue</em></strong></span> <span class='ocrx_word' id='word_1_193' title='bbox 2105 3718 2470 3787; x_wconf 86' lang='lat' dir='ltr'><strong><em>instillant</em></strong></span> <span class='ocrx_word' id='word_1_194' title='bbox 2510 3710 2852 3785; x_wconf 86' lang='lat' dir='ltr'><strong><em>Caucasi.</em></strong></span> 
     </span>
    </p>
   </div>
   <div class='ocr_carea' id='block_1_4' title="bbox 790 3862 2982 4581">
    <p class='ocr_par' dir='ltr' id='par_1_12' title="bbox 790 3862 2982 4581">
     <span class='ocr_line' id='line_1_32' title="bbox 799 3862 2982 3967; baseline -0.005 -23"><span class='ocrx_word' id='word_1_195' title='bbox 799 3876 866 3943; x_wconf 85' lang='lat' dir='ltr'>A</span> <span class='ocrx_word' id='word_1_196' title='bbox 894 3898 967 3942; x_wconf 83' lang='lat' dir='ltr'><strong><em>se</em></strong></span> <span class='ocrx_word' id='word_1_197' title='bbox 1005 3876 1158 3967; x_wconf 82' lang='lat' dir='ltr'><strong><em>ipso</em></strong></span> <span class='ocrx_word' id='word_1_198' title='bbox 1191 3875 1363 3943; x_wconf 76' lang='lat' dir='ltr'><strong><em>haec</em></strong></span> <span class='ocrx_word' id='word_1_199' title='bbox 1405 3899 1602 3943; x_wconf 82' lang='lat' dir='ltr'><strong><em>versa</em></strong></span> <span class='ocrx_word' id='word_1_200' title='bbox 1635 3897 1783 3943; x_wconf 81' lang='lat' dir='ltr'><strong><em>esse</em></strong></span> <span class='ocrx_word' id='word_1_201' title='bbox 1814 3872 2102 3941; x_wconf 82' lang='lat' dir='ltr'><strong><em>ostendit</em></strong></span> <span class='ocrx_word' id='word_1_202' title='bbox 2131 3871 2365 3963; x_wconf 80' lang='lat' dir='ltr'><strong><em>paullo</em></strong></span> <span class='ocrx_word' id='word_1_203' title='bbox 2397 3879 2592 3963; x_wconf 86' lang='lat' dir='ltr'><strong><em>post,</em></strong></span> <span class='ocrx_word' id='word_1_204' title='bbox 2644 3886 2847 3958; x_wconf 86' lang='lat' dir='ltr'><strong><em>quum</em></strong></span> <span class='ocrx_word' id='word_1_205' title='bbox 2883 3862 2982 3928; x_wconf 79' lang='lat' dir='ltr'><strong><em>in-</em></strong></span> 
     </span>
     <span class='ocr_line' id='line_1_33' title="bbox 790 3971 2980 4072; baseline -0 -27"><span class='ocrx_word' id='word_1_206' title='bbox 790 3980 1189 4072; x_wconf 66' lang='lat' dir='ltr'><strong><em>terroganti,</em></strong></span> <span class='ocrx_word' id='word_1_207' title='bbox 1229 3978 1512 4048; x_wconf 83' lang='lat' dir='ltr'><strong><em>interea</em></strong></span> <span class='ocrx_word' id='word_1_208' title='bbox 1541 3978 1736 4046; x_wconf 88' lang='lat' dir='ltr'><strong><em>unde</em></strong></span> <span class='ocrx_word' id='word_1_209' title='bbox 1763 3977 1887 4047; x_wconf 83' lang='lat' dir='ltr'><strong><em>isti</em></strong></span> <span class='ocrx_word' id='word_1_210' title='bbox 1912 3971 2230 4046; x_wconf 81' lang='lat' dir='ltr'><strong><em>versus?</em></strong></span> <span class='ocrx_word' id='word_1_211' title='bbox 2264 3997 2408 4043; x_wconf 89' lang='lat' dir='ltr'><strong><em>non</em></strong></span> <span class='ocrx_word' id='word_1_212' title='bbox 2436 3973 2624 4043; x_wconf 86' lang='lat' dir='ltr'><strong><em>enim</em></strong></span> <span class='ocrx_word' id='word_1_213' title='bbox 2650 3983 2980 4063; x_wconf 66' lang='lat' dir='ltr'><strong><em>agnoscvv</em></strong></span> 
     </span>
     <span class='ocr_line' id='line_1_34' title="bbox 794 4066 2978 4174; baseline -0.006 -24"><span class='ocrx_word' id='word_1_214' title='bbox 794 4083 1200 4174; x_wconf 81' lang='lat' dir='ltr'><strong><em>respondet:</em></strong></span> <span class='ocrx_word' id='word_1_215' title='bbox 1269 4084 1522 4152; x_wconf 86' lang='lat' dir='ltr'><strong><em>dicam</em></strong></span> <span class='ocrx_word' id='word_1_216' title='bbox 1569 4081 1856 4151; x_wconf 79' lang='lat' dir='ltr'><strong><em>hercle.-</em></strong></span> <span class='ocrx_word' id='word_1_217' title='bbox 1923 4081 2182 4149; x_wconf 79' lang='lat' dir='ltr'><strong><em>etenim</em></strong></span> <span class='ocrx_word' id='word_1_218' title='bbox 2223 4087 2426 4148; x_wconf 87' lang='lat' dir='ltr'><strong><em>recte</em></strong></span> <span class='ocrx_word' id='word_1_219' title='bbox 2474 4074 2826 4168; x_wconf 80' lang='lat' dir='ltr'><strong><em>requiris.-</em></strong></span> <span class='ocrx_word' id='word_1_220' title='bbox 2884 4066 2978 4136; x_wconf 86' lang='lat' dir='ltr'><strong><em>vi-</em></strong></span> 
     </span>
     <span class='ocr_line' id='line_1_35' title="bbox 795 4172 2977 4272; baseline -0.007 -18"><span class='ocrx_word' id='word_1_221' title='bbox 795 4187 1020 4255; x_wconf 84' lang='lat' dir='ltr'><strong><em>desne</em></strong></span> <span class='ocrx_word' id='word_1_222' title='bbox 1049 4185 1437 4256; x_wconf 83' lang='lat' dir='ltr'><strong><em>abundare</em></strong></span> <span class='ocrx_word' id='word_1_223' title='bbox 1461 4210 1573 4256; x_wconf 90' lang='lat' dir='ltr'><strong><em>me</em></strong></span> <span class='ocrx_word' id='word_1_224' title='bbox 1611 4187 1795 4256; x_wconf 84' lang='lat' dir='ltr'><strong><em>otio.-</em></strong></span> <span class='ocrx_word' id='word_1_225' title='bbox 1850 4197 1919 4253; x_wconf 81' lang='lat' dir='ltr'><strong><em>et</em></strong></span> <span class='ocrx_word' id='word_1_226' title='bbox 1945 4185 2103 4263; x_wconf 74' lang='lat' dir='ltr'><strong><em>alia,</em></strong></span> <span class='ocrx_word' id='word_1_227' title='bbox 2157 4206 2336 4272; x_wconf 78' lang='lat' dir='ltr'><strong><em>quae</em></strong></span> <span class='ocrx_word' id='word_1_228' title='bbox 2365 4206 2450 4250; x_wconf 88' lang='lat' dir='ltr'><strong><em>eo</em></strong></span> <span class='ocrx_word' id='word_1_229' title='bbox 2480 4186 2806 4272; x_wconf 77' lang='lat' dir='ltr'><strong><em>spectant.</em></strong></span> <span class='ocrx_word' id='word_1_230' title='bbox 2862 4172 2977 4241; x_wconf 78' lang='lat' dir='ltr'><strong><em>At-</em></strong></span> 
     </span>
     <span class='ocr_line' id='line_1_36' title="bbox 792 4272 2972 4380; baseline -0.005 -23"><span class='ocrx_word' id='word_1_231' title='bbox 792 4310 926 4379; x_wconf 86' lang='lat' dir='ltr'><strong><em>que</em></strong></span> <span class='ocrx_word' id='word_1_232' title='bbox 961 4301 1036 4357; x_wconf 86' lang='lat' dir='ltr'><strong><em>nt</em></strong></span> <span class='ocrx_word' id='word_1_233' title='bbox 1069 4289 1411 4360; x_wconf 81' lang='lat' dir='ltr'><strong><em>Ciceronis</em></strong></span> <span class='ocrx_word' id='word_1_234' title='bbox 1444 4293 1821 4360; x_wconf 81' lang='lat' dir='ltr'><strong><em>Priscianus</em></strong></span> <span class='ocrx_word' id='word_1_235' title='bbox 1853 4289 1939 4360; x_wconf 81' lang='lat' dir='ltr'><strong><em>X.</em></strong></span> <span class='ocrx_word' id='word_1_236' title='bbox 1969 4312 2039 4380; x_wconf 90' lang='lat' dir='ltr'><strong><em>p.</em></strong></span> <span class='ocrx_word' id='word_1_237' title='bbox 2067 4286 2244 4360; x_wconf 71' lang='lat'><strong><em>907.</em></strong></span> <span class='ocrx_word' id='word_1_238' title='bbox 2273 4286 2477 4354; x_wconf 80' lang='lat' dir='ltr'><strong><em>affert</em></strong></span> <span class='ocrx_word' id='word_1_239' title='bbox 2492 4283 2704 4354; x_wconf 77' lang='lat' dir='ltr'><strong><em>verba</em></strong></span> <span class='ocrx_word' id='word_1_240' title='bbox 2732 4304 2771 4350; x_wconf 86' lang='lat' dir='ltr'><strong><em>e</em></strong></span> <span class='ocrx_word' id='word_1_241' title='bbox 2797 4272 2972 4345; x_wconf 81' lang='lat' dir='ltr'><strong><em>v.l3.</em></strong></span> 
     </span>
     <span class='ocr_line' id='line_1_37' title="bbox 792 4379 2971 4488; baseline -0.007 -26"><span class='ocrx_word' id='word_1_242' title='bbox 792 4402 944 4462; x_wconf 85' lang='lat' dir='ltr'><strong><em>tum</em></strong></span> <span class='ocrx_word' id='word_1_243' title='bbox 971 4394 1212 4463; x_wconf 87' lang='lat' dir='ltr'><strong><em>iecore</em></strong></span> <span class='ocrx_word' id='word_1_244' title='bbox 1244 4396 1477 4488; x_wconf 80' lang='lat' dir='ltr'><strong><em>opimo</em></strong></span> <span class='ocrx_word' id='word_1_245' title='bbox 1496 4392 1739 4488; x_wconf 84' lang='lat' dir='ltr'><strong><em>sarta</em></strong></span> <span class='ocrx_word' id='word_1_246' title='bbox 1769 4401 1842 4462; x_wconf 83' lang='lat' dir='ltr'><strong><em>et</em></strong></span> <span class='ocrx_word' id='word_1_247' title='bbox 1872 4392 2181 4462; x_wconf 86' lang='lat' dir='ltr'><strong><em>satiata.</em></strong></span> <span class='ocrx_word' id='word_1_248' title='bbox 2288 4389 2432 4458; x_wconf 86' lang='lat' dir='ltr'><strong><em>Sed</em></strong></span> <span class='ocrx_word' id='word_1_249' title='bbox 2464 4388 2759 4473; x_wconf 62' lang='lat' dir='ltr'><strong><em>Nonium,</em></strong></span> <span class='ocrx_word' id='word_1_250' title='bbox 2809 4379 2971 4448; x_wconf 80' lang='lat' dir='ltr'><strong><em>cuius</em></strong></span> 
     </span>
     <span class='ocr_line' id='line_1_38' title="bbox 790 4479 2969 4581; baseline -0 -18"><span class='ocrx_word' id='word_1_251' title='bbox 790 4498 975 4566; x_wconf 72' lang='lat' dir='ltr'><strong><em>nulla</em></strong></span> <span class='ocrx_word' id='word_1_252' title='bbox 1012 4508 1115 4567; x_wconf 77' lang='lat' dir='ltr'><strong><em>est</em></strong></span> <span class='ocrx_word' id='word_1_253' title='bbox 1145 4498 1234 4566; x_wconf 75' lang='lat' dir='ltr'><strong><em>ad</em></strong></span> <span class='ocrx_word' id='word_1_254' title='bbox 1274 4500 1423 4568; x_wconf 78' lang='lat' dir='ltr'><strong><em>illos</em></strong></span> <span class='ocrx_word' id='word_1_255' title='bbox 1463 4508 1668 4568; x_wconf 67' lang='lat' dir='ltr'><strong><em>testes</em></strong></span> <span class='ocrx_word' id='word_1_256' title='bbox 1704 4497 2097 4581; x_wconf 74' lang='lat' dir='ltr'><strong><em>auctoritas,</em></strong></span> <span class='ocrx_word' id='word_1_257' title='bbox 2149 4496 2219 4561; x_wconf 90' lang='lat' dir='ltr'><strong><em>in</em></strong></span> <span class='ocrx_word' id='word_1_258' title='bbox 2250 4515 2311 4561; x_wconf 82' lang='lat' dir='ltr'><strong><em>v.</em></strong></span> <span class='ocrx_word' id='word_1_259' title='bbox 2345 4490 2706 4562; x_wconf 84' lang='lat' dir='ltr'><strong><em>adulatio.</em></strong></span> <span class='ocrx_word' id='word_1_260' title='bbox 2751 4509 2825 4580; x_wconf 80' lang='lat' dir='ltr'><strong><em>p.</em></strong></span> <span class='ocrx_word' id='word_1_261' title='bbox 2865 4479 2969 4562; x_wconf 73' lang='lat'><strong><em>17,</em></strong></span> 
     </span>
    </p>
   </div>
  </div>
 </body>
</html>
