3259 5275
1060 449 1685 563 cOLvtrnl.
2357 511 2486 575 211

284 691 437 773 duo,
486 691 555 758 in
582 688 827 781 quibus
858 684 1155 784 χρύσεος
1200 701 1323 774 est,
1377 702 1662 792 propter
1694 694 1955 785 primae
1990 698 2487 789 correptionem

283 794 480 862 dubia
514 805 696 863 sunt:
739 817 801 862 v.
827 794 1127 866 Wernik.
1155 819 1226 887 p.
1260 793 1437 865 4⁰5.
1506 796 1656 865 Sed
1678 796 2224 889 TryphiodoruS,
2280 824 2485 890 quem

281 899 344 966 in
384 898 718 966 nonnullis
764 896 967 965 rebus
1012 896 1099 965 ab
1145 900 1391 968 Nonno
1445 898 1825 968 discessisse
1871 901 2053 969 idem
2100 902 2479 974 Wernikius

280 1001 689 1084 observavit,
771 1000 1480 1094 duodequinquaginta
1549 1024 1781 1071 versus
1857 1002 2102 1092 habet,
2194 1028 2484 1094 quorum

276 1105 468 1197 primi
499 1104 640 1172 duo
675 1104 890 1196 pedes
928 1104 1219 1195 spondei
1260 1115 1454 1188 sunt,
1516 1105 1686 1173 duos
1716 1116 1942 1173 autem
1976 1130 2040 1179 v.
2092 1104 2264 1174 461.
2308 1107 2479 1179 543.

278 1229 556 1297 quorum
585 1207 826 1275 ambae
842 1208 1100 1300 primae
1121 1207 1441 1299 dipodiae
1456 1229 1541 1275 ex
1560 1208 1880 1300 spondeis
1912 1219 2251 1293 constant3
2304 1211 2479 1282 duos

277 1310 599 1401 denique,
652 1312 718 1378 in
753 1310 992 1400 quibus
1030 1310 1164 1378 duo
1208 1311 1505 1403 contigui
1538 1322 1691 1379 sunt
1720 1311 2132 1381 diversarum
2164 1313 2481 1406 dipodia-

275 1433 415 1481 rum
447 1414 773 1506 spondei,
824 1437 889 1486 v.
924 1413 1046 1486 w.
1084 1412 1258 1485 474.
1297 1413 1483 1503 quod
1512 1437 1727 1507 genus
1755 1415 1940 1508 apud
1974 1416 2343 1485 Coluthum
2373 1419 2479 1487 in-

274 1517 602 1586 veniturv.
627 1515 745 1587 21.
781 1515 902 1585 32.
933 1514 1054 1584 61.
1091 1514 1260 1584 132.
1301 1515 1461 1585 137.
1494 1516 1666 1585 146.
1698 1517 1868 1586 205.
1900 1517 2067 1589 236.
2101 1518 2271 1588 241.
2303 1520 2475 1590 282.

276 1617 442 1693 365.
489 1620 667 1690 370.
771 1619 1177 1692 Huiusmodi
1221 1620 1724 1689 observationes
1766 1623 1885 1690 etsi
1931 1646 2067 1691 non
2116 1633 2267 1691 sunt
2311 1648 2478 1693 con-

274 1725 701 1809 temnendae,
751 1733 978 1793 tamen
1006 1747 1092 1792 ne
1122 1723 1537 1792 abutendum
1579 1724 1854 1814 quidem
1881 1727 1956 1794 iis
1998 1736 2130 1795 est:
2184 1726 2254 1794 id
2290 1726 2476 1818 quod

274 1828 508 1896 accidit
539 1827 915 1896 Wernikio.
1020 1828 1436 1896 Novissimus
1473 1828 1691 1896 editor
1726 1828 2027 1920 Dionysii
2072 1830 2474 1923 Periegetae

276 1954 471 2021 quum
515 1955 587 2026 p.
642 1927 815 1999 508.
866 1930 1111 2000 faciem
1159 1931 1354 1998 istam
1395 1931 1703 1999 carminis
1749 1934 1923 2025 epici
1967 1956 2099 2002 non
2144 1957 2185 2001 a
2229 1935 2474 2002 Nonno

276 2032 541 2102 demum
585 2035 854 2104 fluxisse
901 2033 1222 2126 scripsit,
1250 2035 1407 2103 novi
1451 2035 1714 2102 luminis
1749 2036 1943 2103 iubar
1985 2060 2068 2104 ex
2104 2036 2475 2130 longinquo

275 2137 589 2224 ostendit,
647 2139 752 2206 cui
785 2146 1012 2206 tamen
1036 2137 1364 2205 vellemus
1392 2138 1713 2206 faustiore
1742 2140 2039 2232 auspicio
2070 2163 2270 2226 quam
2296 2129 2505 2210 Bas-'

275 2242 484 2310 caricis
526 2242 836 2332 Dionysii
881 2242 1268 2333 praelusum
1327 2251 1523 2310 esset.
1626 2241 1873 2309 Redeo
1933 2241 2021 2309 ad
2083 2241 2469 2311 Coluthum.

275 2344 661 2419 Μολοῦσαι
688 2346 742 2413 si
776 2367 859 2413 ex
889 2342 1380 2412 Hemsterhusii
1423 2343 1805 2412 coniectura
1834 2345 1900 2413 in
1928 2338 2291 2436 μολούσας
2317 2368 2473 2434 mu-

274 2455 552 2534 taretur,
622 2457 819 2516 antea
871 2447 1302 2516 scribendum
1348 2457 1491 2516 erat
1553 2440 1992 2543 ἀθανάτῃσι.
2099 2446 2244 2516 Sed
2284 2456 2472 2518 recte

274 2549 586 2619 librorum
621 2552 1025 2645 scripturam
1058 2552 1344 2619 servavit
1374 2550 1665 2618 lulianus
1684 2597 1705 2634 ,
1759 2550 2195 2640 defenditque
2231 2574 2470 2620 censor

272 2653 858 2748 Heidelbergensis
903 2657 973 2724 in
1013 2655 1381 2725 Annalibus
1441 2652 1664 2722 1824.
1714 2652 1791 2723 P.
1851 2655 2045 2747 v.,p.
2101 2652 2273 2727 501.
2326 2678 2469 2745 seq.

271 2757 501 2849 Neque
530 2760 715 2829 enim
747 2759 910 2827 dicit
939 2768 1169 2851 poeta,
1220 2779 1341 2826 vos
1374 2756 1536 2826 deas
1580 2780 1621 2824 a
1652 2757 1898 2826 Paride
1924 2757 2245 2826 iudicatas
2275 2757 2521 2837 vidi-9

272 2862 409 2951 stis,
460 2863 583 2931 sed
607 2910 630 2945 ,
675 2862 926 2931 vidistis
957 2862 1246 2930 iudicem
1272 2860 1497 2932 Parim
1529 2869 1597 2929 et
1620 2860 1969 2942 victricem*
1994 2862 2348 2930 Venerem.

172 3016 178 3025 -
461 2966 690 3035 Finito
734 2967 1089 3058 prooemio
1132 2965 1349 3056 ipsam
1404 2963 1502 3033 rei
1549 2965 2038 3055 expositionem
2077 2963 2473 3057 aggreditur

271 3076 465 3158 poeta
496 3067 609 3137 his
643 3070 899 3138 verbis:

465 3249 561 3303 ως
602 3220 649 3296 ὃ
674 3219 810 3313 μὲν
849 3213 1326 3313 ὑψιλόφοισιν
1355 3224 1432 3292 ἐν
1461 3216 1755 3312 οὔρεσιν
1785 3210 2248 3313 Αιμονιῆων,

459 3321 874 3418 νυμφιδίων
913 3321 1202 3445 Πηλῆος
1234 3317 1677 3413 οἷειδομένων
1703 3317 2104 3411 υμεναίων,

463 3420 703 3523 Ζηνος
734 3418 1272 3523 ἐφημοσύνῃσιν
1301 3417 1637 3518 ἐῳνοχόει
1670 3426 1719 3493 1
1721 3414 2123 3518 ανυμήδης·

463 3530 671 3603 πᾶσα
699 3530 777 3603 δὲ
809 3528 1248 3602 κυδαίνουσα
1283 3526 1477 3599 θεῶν
1507 3528 1802 3600 ἔσπευδε
1831 3525 2136 3621 γενέθλη

467 3624 1094 3729 αυτοιιασιγνήτην
1120 3624 1555 3704 nonsummum
1578 3623 2088 3723 Αμφιτρίτης.

274 3780 345 3849 ln
372 3806 503 3852 uno
532 3784 736 3853 codd.
765 3783 1259 3869 Parisiensium,
1312 3803 1598 3872 quorum
1626 3780 2021 3871 scripturam
2063 3799 2466 3869 repraesen—

275 3888 427 3955 tavit
474 3888 802 3977 lulianus‚
868 3886 1116 3980 legitur
1170 3883 1259 3966 oie
1303 3887 1441 3954 sinc
1494 3894 1808 3951 accentu:
1872 3882 1942 3950 id
1985 3880 2105 3970 qui
2143 3881 2465 3949 vertendo

278 3992 624 4080 expressit,
683 3990 1071 4083 Lennepius
1090 4041 1107 4070 ,
1177 3990 1416 4057 merito
1461 3987 1916 4079 reprehensus
1965 3995 2087 4057 est.
2195 3982 2466 4051 Genui-

277 4113 419 4159 nam
459 4094 857 4186 scripturam
897 4116 1104 4183 quum
1145 4092 1438 4161 lulianus
1470 4110 1669 4158 versu
1722 4088 1898 4162 121.
1944 4087 2322 4156 confirmari
2359 4088 2467 4154 iu·-

279 4192 543 4283 dicavit,
600 4220 855 4266 errasse
894 4197 1176 4266 videtur.
1283 4195 1513 4265 Habet
1547 4195 1721 4261 enim
1748 4193 1839 4260 ibi
1866 4191 2196 4285 particula
2229 4191 2468 4258 iustam
2541 4284 2548 4291 ι

278 4299 623 4387 rationem,
687 4302 742 4369 si
787 4324 943 4369 cum
991 4297 1330 4394 λιγαίνων
1369 4298 1809 4390 coniungitur.
1912 4295 2044 4363 Hic
2089 4315 2288 4379 vero,
2353 4291 2469 4359 ubi

280 4399 432 4468 nihil
469 4405 873 4495 praecessit,
926 4426 1063 4493 quo
1105 4402 1434 4471 referatur
1470 4401 1637 4469 illud
1666 4397 1788 4482 ὥς,
1836 4422 1974 4466 non
2006 4396 2240 4481 video,
2294 4416 2470 4484 quo-

281 4504 475 4571 modo
515 4528 601 4574 eo
636 4506 732 4574 uti
761 4508 1055 4600 potuerit
1094 4515 1323 4599 poeta.
1426 4506 1605 4574 Nam
1650 4502 1706 4571 si
1751 4502 2090 4573 Homerus
2123 4496 2346 4568 Iliadis
2380 4496 2470 4564 li-

1916 4617 2057 4688 Ο*
