<?xml version="1.0" encoding="UTF-8"?>
<!DOCTYPE html PUBLIC "-//W3C//DTD XHTML 1.0 Transitional//EN"
    "http://www.w3.org/TR/xhtml1/DTD/xhtml1-transitional.dtd">
<html xmlns="http://www.w3.org/1999/xhtml" xml:lang="en" lang="en">
 <head>
  <title>
</title>
<meta http-equiv="Content-Type" content="text/html;charset=utf-8" />
  <meta name='ocr-system' content='tesseract 3.04.00' />
  <meta name='ocr-capabilities' content='ocr_page ocr_carea ocr_par ocr_line ocrx_word'/>
</head>
<body>
  <div class='ocr_page' id='page_1' title='image "./godofrediherman03fritgoog_0260.png"; bbox 0 0 3259 5275; ppageno 0'>
   <div class='ocr_carea' id='block_1_1' title="bbox 750 466 2469 542">
    <p class='ocr_par' dir='ltr' id='par_1_1' title="bbox 750 466 2469 542">
     <span class='ocr_line' id='line_1_1' title="bbox 750 466 2469 542; baseline 0.001 -12"><span class='ocrx_word' id='word_1_1' title='bbox 750 475 881 540; x_wconf 74' lang='lat'><strong>244</strong></span> <span class='ocrx_word' id='word_1_2' title='bbox 1176 466 2107 542; x_wconf 73' lang='grc' dir='ltr'>ΗΕΒΜΕΒΙΑΝΔΟΤΙὸ</span> <span class='ocrx_word' id='word_1_3' title='bbox 2150 468 2469 533; x_wconf 73' lang='lat' dir='ltr'><strong>ELEGI.</strong></span> 
     </span>
    </p>
   </div>
   <div class='ocr_carea' id='block_1_2' title="bbox 808 654 2963 1171">
    <p class='ocr_par' dir='ltr' id='par_1_2' title="bbox 808 654 2963 1171">
     <span class='ocr_line' id='line_1_2' title="bbox 1064 654 2405 785; baseline 0.001 -52"><span class='ocrx_word' id='word_1_4' title='bbox 1064 660 1470 783; x_wconf 74' lang='grc' dir='ltr'><strong><em>κνημωθεὶς</em></strong></span> <span class='ocrx_word' id='word_1_5' title='bbox 1499 654 1783 754; x_wconf 74' lang='grc' dir='ltr'><strong><em>κου’μους</em></strong></span> <span class='ocrx_word' id='word_1_6' title='bbox 1816 689 1882 734; x_wconf 90' lang='grc' dir='ltr'><strong>σι</strong></span> <span class='ocrx_word' id='word_1_7' title='bbox 1890 687 1970 750; x_wconf 73' lang='grc' dir='ltr'><strong>χε</strong></span> <span class='ocrx_word' id='word_1_8' title='bbox 2000 654 2405 785; x_wconf 74' lang='grc' dir='ltr'><strong><em>συνεξαμῦη</em></strong></span> 
     </span>
     <span class='ocr_line' id='line_1_3' title="bbox 966 756 2963 887; baseline 0.002 -50"><span class='ocrx_word' id='word_1_9' title='bbox 966 763 1190 862; x_wconf 77' lang='grc' dir='ltr'><strong><em>ἤχθεε</em></strong></span> <span class='ocrx_word' id='word_1_10' title='bbox 1226 759 1299 836; x_wconf 80' lang='grc' dir='ltr'><strong>δ’</strong></span> <span class='ocrx_word' id='word_1_11' title='bbox 1323 756 1740 887; x_wconf 78' lang='grc' dir='ltr'>Ερμόβιον</span> <span class='ocrx_word' id='word_1_12' title='bbox 1768 757 1904 838; x_wconf 70' lang='grc' dir='ltr'><strong>τᾶν</strong></span> <span class='ocrx_word' id='word_1_13' title='bbox 1931 759 2044 838; x_wconf 70' lang='grc' dir='ltr'><strong>ἀεὶ</strong></span> <span class='ocrx_word' id='word_1_14' title='bbox 2072 757 2357 859; x_wconf 77' lang='grc' dir='ltr'><strong><em>βαρύν,</em></strong></span> <span class='ocrx_word' id='word_1_15' title='bbox 2412 760 2581 840; x_wconf 69' lang='grc' dir='ltr'><strong><em>ουδὲ</em></strong></span> <span class='ocrx_word' id='word_1_16' title='bbox 2614 766 2963 865; x_wconf 70' lang='grc' dir='ltr'><strong><em>Φερέκλην</em></strong></span> 
     </span>
     <span class='ocr_line' id='line_1_4' title="bbox 808 859 2498 987; baseline 0.003 -50"><span class='ocrx_word' id='word_1_17' title='bbox 808 868 913 937; x_wconf 81' lang='lat'><strong>40</strong></span> <span class='ocrx_word' id='word_1_18' title='bbox 1065 860 1358 987; x_wconf 57' lang='grc' dir='ltr'><strong><em>ἐχθρόν</em></strong></span> <span class='ocrx_word' id='word_1_19' title='bbox 1365 859 1680 962; x_wconf 79' lang='grc' dir='ltr'><strong><em>μισήσας</em></strong></span> <span class='ocrx_word' id='word_1_20' title='bbox 1715 860 1960 939; x_wconf 75' lang='grc' dir='ltr'>τοιάδ</span> <span class='ocrx_word' id='word_1_21' title='bbox 1989 868 2313 963; x_wconf 77' lang='grc' dir='ltr'><strong><em>ἔπεμψεν</em></strong></span> <span class='ocrx_word' id='word_1_22' title='bbox 2341 869 2498 964; x_wconf 81' lang='grc' dir='ltr'><strong>ἔπη.</strong></span> 
     </span>
     <span class='ocr_line' id='line_1_5' title="bbox 965 964 2743 1091; baseline -0.003 -46"><span class='ocrx_word' id='word_1_23' title='bbox 965 968 1211 1065; x_wconf 77' lang='grc' dir='ltr'><strong><em>Λυδῆς</em></strong></span> <span class='ocrx_word' id='word_1_24' title='bbox 1241 967 1311 1042; x_wconf 84' lang='grc' dir='ltr'><strong>δ’</strong></span> <span class='ocrx_word' id='word_1_25' title='bbox 1340 964 1788 1063; x_wconf 73' lang='grc' dir='ltr'><strong><em>Αντίμαχος</em></strong></span> <span class='ocrx_word' id='word_1_26' title='bbox 1817 972 2243 1091; x_wconf 78' lang='grc' dir='ltr'><strong><em>Λυκηΐδος</em></strong></span> <span class='ocrx_word' id='word_1_27' title='bbox 2208 998 2281 1044; x_wconf 81' lang='grc' dir='ltr'><strong>εκ</strong></span> <span class='ocrx_word' id='word_1_28' title='bbox 2309 970 2447 1062; x_wconf 79' lang='grc' dir='ltr'><strong>μὲν</strong></span> <span class='ocrx_word' id='word_1_29' title='bbox 2478 972 2743 1069; x_wconf 79' lang='grc' dir='ltr'><strong><em>ἔρωτος</em></strong></span> 
     </span>
     <span class='ocr_line' id='line_1_6' title="bbox 1068 1067 2753 1171; baseline 0.001 -27"><span class='ocrx_word' id='word_1_30' title='bbox 1068 1071 1389 1171; x_wconf 74' lang='grc' dir='ltr'><strong><em>πληγείς,</em></strong></span> <span class='ocrx_word' id='word_1_31' title='bbox 1443 1073 1852 1148; x_wconf 77' lang='grc' dir='ltr'><strong><em>Πακτωλοῦ</em></strong></span> <span class='ocrx_word' id='word_1_32' title='bbox 1879 1069 2065 1171; x_wconf 76' lang='grc' dir='ltr'><strong>ρεῦμ</strong></span> <span class='ocrx_word' id='word_1_33' title='bbox 2078 1067 2345 1171; x_wconf 73' lang='grc' dir='ltr'><strong><em>’ἐπέβη</em></strong></span> <span class='ocrx_word' id='word_1_34' title='bbox 2371 1071 2753 1168; x_wconf 78' lang='grc' dir='ltr'><strong><em>ποταμοῦ·</em></strong></span> 
     </span>
    </p>
   </div>
   <div class='ocr_carea' id='block_1_3' title="bbox 996 1270 1174 1278">
    <p class='ocr_par' dir='ltr' id='par_1_3' title="bbox 996 1270 1174 1278">
     <span class='ocr_line' id='line_1_7' title="bbox 996 1270 1174 1278; baseline 0 3997"><span class='ocrx_word' id='word_1_35' title='bbox 996 1270 1174 1278; x_wconf 95' lang='lat' dir='ltr'><strong> </strong></span> 
     </span>
    </p>
   </div>
   <div class='ocr_carea' id='block_1_4' title="bbox 760 1271 979 1281">
    <p class='ocr_par' dir='ltr' id='par_1_4' title="bbox 760 1271 979 1281">
     <span class='ocr_line' id='line_1_8' title="bbox 760 1271 979 1281; baseline 0 3994"><span class='ocrx_word' id='word_1_36' title='bbox 760 1271 979 1281; x_wconf 95' lang='lat' dir='ltr'><strong> </strong></span> 
     </span>
    </p>
   </div>
   <div class='ocr_carea' id='block_1_5' title="bbox 756 1370 3072 4198">
    <p class='ocr_par' dir='ltr' id='par_1_5' title="bbox 759 1370 2975 2486">
     <span class='ocr_line' id='line_1_9' title="bbox 762 1370 2970 1464; baseline 0 -23"><span class='ocrx_word' id='word_1_37' title='bbox 762 1380 1025 1442; x_wconf 87' lang='lat' dir='ltr'><strong>Venetus</strong></span> <span class='ocrx_word' id='word_1_38' title='bbox 1049 1373 1308 1442; x_wconf 76' lang='grc' dir='ltr'>πολλάκι</span> <span class='ocrx_word' id='word_1_39' title='bbox 1336 1372 1543 1463; x_wconf 74' lang='grc' dir='ltr'><strong><em>λοίτω,</em></strong></span> <span class='ocrx_word' id='word_1_40' title='bbox 1587 1378 1686 1437; x_wconf 87' lang='lat' dir='ltr'><strong>vel</strong></span> <span class='ocrx_word' id='word_1_41' title='bbox 1717 1381 1918 1464; x_wconf 80' lang='grc' dir='ltr'><strong><em>λωτῷ,</em></strong></span> <span class='ocrx_word' id='word_1_42' title='bbox 1965 1378 2089 1440; x_wconf 86' lang='lat' dir='ltr'><strong>Pal.</strong></span> <span class='ocrx_word' id='word_1_43' title='bbox 2118 1373 2375 1442; x_wconf 76' lang='grc' dir='ltr'><strong><em>πολλάκι</em></strong></span> <span class='ocrx_word' id='word_1_44' title='bbox 2405 1370 2616 1457; x_wconf 58' lang='lat' dir='ltr'><strong>advo,</strong></span> <span class='ocrx_word' id='word_1_45' title='bbox 2660 1376 2800 1438; x_wconf 64' lang='lat' dir='ltr'><strong>edd„</strong></span> <span class='ocrx_word' id='word_1_46' title='bbox 2834 1382 2970 1441; x_wconf 83' lang='grc' dir='ltr'><strong><em>πολ-</em></strong></span> 
     </span>
     <span class='ocr_line' id='line_1_10' title="bbox 761 1458 2973 1551; baseline -0.003 -22"><span class='ocrx_word' id='word_1_47' title='bbox 761 1463 838 1529; x_wconf 90' lang='grc' dir='ltr'><strong>λα</strong></span> <span class='ocrx_word' id='word_1_48' title='bbox 871 1458 1136 1551; x_wconf 75' lang='grc' dir='ltr'>κιμῶτῳ.</span> <span class='ocrx_word' id='word_1_49' title='bbox 1227 1464 1295 1523; x_wconf 82' lang='lat' dir='ltr'><strong>ln</strong></span> <span class='ocrx_word' id='word_1_50' title='bbox 1321 1472 1609 1543; x_wconf 86' lang='lat' dir='ltr'><strong>sequente</strong></span> <span class='ocrx_word' id='word_1_51' title='bbox 1640 1484 1822 1523; x_wconf 85' lang='lat' dir='ltr'><strong>versu</strong></span> <span class='ocrx_word' id='word_1_52' title='bbox 1851 1473 2052 1523; x_wconf 87' lang='lat' dir='ltr'><strong>autem</strong></span> <span class='ocrx_word' id='word_1_53' title='bbox 2086 1484 2293 1524; x_wconf 88' lang='lat' dir='ltr'><strong>omnes</strong></span> <span class='ocrx_word' id='word_1_54' title='bbox 2325 1463 2704 1545; x_wconf 78' lang='grc' dir='ltr'><strong><em>κνημωθείς,</em></strong></span> <span class='ocrx_word' id='word_1_55' title='bbox 2748 1474 2810 1524; x_wconf 89' lang='lat' dir='ltr'><strong>et</strong></span> <span class='ocrx_word' id='word_1_56' title='bbox 2837 1473 2973 1544; x_wconf 84' lang='lat' dir='ltr'><strong>post</strong></span> 
     </span>
     <span class='ocr_line' id='line_1_11' title="bbox 759 1544 2972 1630; baseline 0 -18"><span class='ocrx_word' id='word_1_57' title='bbox 759 1551 1022 1612; x_wconf 88' lang='lat' dir='ltr'><strong>Venetus</strong></span> <span class='ocrx_word' id='word_1_58' title='bbox 1051 1559 1112 1610; x_wconf 89' lang='lat' dir='ltr'><strong>et</strong></span> <span class='ocrx_word' id='word_1_59' title='bbox 1131 1549 1565 1609; x_wconf 72' lang='lat' dir='ltr'><strong>Laurentianus</strong></span> <span class='ocrx_word' id='word_1_60' title='bbox 1595 1550 1723 1624; x_wconf 73' lang='grc' dir='ltr'><strong>σίχε</strong></span> <span class='ocrx_word' id='word_1_61' title='bbox 1751 1544 2121 1630; x_wconf 78' lang='grc' dir='ltr'><strong><em>συνεξαμύη,</em></strong></span> <span class='ocrx_word' id='word_1_62' title='bbox 2167 1549 2468 1609; x_wconf 87' lang='lat' dir='ltr'><strong>Palatinus</strong></span> <span class='ocrx_word' id='word_1_63' title='bbox 2494 1569 2628 1607; x_wconf 87' lang='lat' dir='ltr'><strong>cum</strong></span> <span class='ocrx_word' id='word_1_64' title='bbox 2657 1548 2799 1611; x_wconf 89' lang='lat' dir='ltr'><strong>edd.</strong></span> <span class='ocrx_word' id='word_1_65' title='bbox 2830 1557 2972 1613; x_wconf 86' lang='lat' dir='ltr'><strong>vett.</strong></span> 
     </span>
     <span class='ocr_line' id='line_1_12' title="bbox 764 1634 2974 1716; baseline -0.003 -16"><span class='ocrx_word' id='word_1_66' title='bbox 764 1638 889 1716; x_wconf 82' lang='grc' dir='ltr'><strong><em>σίχε</em></strong></span> <span class='ocrx_word' id='word_1_67' title='bbox 935 1635 1293 1716; x_wconf 78' lang='grc' dir='ltr'><strong><em>συνδραμίη.</em></strong></span> <span class='ocrx_word' id='word_1_68' title='bbox 1381 1635 1583 1708; x_wconf 83' lang='lat' dir='ltr'><strong>Quum</strong></span> <span class='ocrx_word' id='word_1_69' title='bbox 1617 1635 2005 1698; x_wconf 70' lang='lat' dir='ltr'>Mimnermus</span> <span class='ocrx_word' id='word_1_70' title='bbox 2051 1634 2273 1695; x_wconf 83' lang='lat' dir='ltr'><strong>tibicen</strong></span> <span class='ocrx_word' id='word_1_71' title='bbox 2317 1636 2446 1715; x_wconf 88' lang='lat' dir='ltr'><strong>ipse</strong></span> <span class='ocrx_word' id='word_1_72' title='bbox 2477 1634 2779 1694; x_wconf 80' lang='lat' dir='ltr'><strong>tibicinam</strong></span> <span class='ocrx_word' id='word_1_73' title='bbox 2813 1655 2974 1694; x_wconf 82' lang='lat' dir='ltr'><strong>ama-</strong></span> 
     </span>
     <span class='ocr_line' id='line_1_13' title="bbox 760 1720 2974 1803; baseline 0 -23"><span class='ocrx_word' id='word_1_74' title='bbox 760 1722 922 1783; x_wconf 83' lang='lat' dir='ltr'><strong>verit</strong></span> <span class='ocrx_word' id='word_1_75' title='bbox 970 1722 1213 1795; x_wconf 85' lang='lat' dir='ltr'><strong>Nanno,</strong></span> <span class='ocrx_word' id='word_1_76' title='bbox 1259 1723 1431 1803; x_wconf 82' lang='grc' dir='ltr'><strong><em>λωτω</em></strong></span> <span class='ocrx_word' id='word_1_77' title='bbox 1470 1725 1638 1780; x_wconf 85' lang='lat' dir='ltr'><strong>recte</strong></span> <span class='ocrx_word' id='word_1_78' title='bbox 1679 1720 1984 1801; x_wconf 77' lang='lat' dir='ltr'><strong>scriptum.</strong></span> <span class='ocrx_word' id='word_1_79' title='bbox 2016 1720 2277 1780; x_wconf 86' lang='lat' dir='ltr'><strong>videtur.</strong></span> <span class='ocrx_word' id='word_1_80' title='bbox 2367 1724 2605 1803; x_wconf 79' lang='grc' dir='ltr'>Πολιῷ,</span> <span class='ocrx_word' id='word_1_81' title='bbox 2662 1720 2776 1779; x_wconf 83' lang='lat' dir='ltr'><strong>nisi</strong></span> <span class='ocrx_word' id='word_1_82' title='bbox 2820 1721 2974 1781; x_wconf 83' lang='lat' dir='ltr'><strong>forte</strong></span> 
     </span>
     <span class='ocr_line' id='line_1_14' title="bbox 763 1804 2974 1908; baseline -0.001 -38"><span class='ocrx_word' id='word_1_83' title='bbox 763 1809 980 1890; x_wconf 77' lang='grc' dir='ltr'><strong><em>σκολίῳ</em></strong></span> <span class='ocrx_word' id='word_1_84' title='bbox 1008 1806 1276 1908; x_wconf 77' lang='lat' dir='ltr'><strong>scripsit,</strong></span> <span class='ocrx_word' id='word_1_85' title='bbox 1323 1804 1681 1882; x_wconf 71' lang='lat' dir='ltr'><strong>exquisitius</strong></span> <span class='ocrx_word' id='word_1_86' title='bbox 1717 1806 1942 1866; x_wconf 76' lang='lat' dir='ltr'><strong>dictum</strong></span> <span class='ocrx_word' id='word_1_87' title='bbox 1983 1805 2057 1865; x_wconf 90' lang='lat' dir='ltr'><strong>de</strong></span> <span class='ocrx_word' id='word_1_88' title='bbox 2087 1807 2259 1866; x_wconf 85' lang='lat' dir='ltr'><strong>senili</strong></span> <span class='ocrx_word' id='word_1_89' title='bbox 2289 1805 2469 1881; x_wconf 86' lang='lat' dir='ltr'><strong>tibia,</strong></span> <span class='ocrx_word' id='word_1_90' title='bbox 2513 1814 2584 1864; x_wconf 90' lang='lat' dir='ltr'><strong>ut</strong></span> <span class='ocrx_word' id='word_1_91' title='bbox 2610 1808 2811 1891; x_wconf 72' lang='grc' dir='ltr'>πολιῷ</span> <span class='ocrx_word' id='word_1_92' title='bbox 2834 1811 2974 1888; x_wconf 79' lang='grc' dir='ltr'><strong><em>γυῖα</em></strong></span> 
     </span>
     <span class='ocr_line' id='line_1_15' title="bbox 761 1888 2973 1974; baseline -0.003 -19"><span class='ocrx_word' id='word_1_93' title='bbox 761 1892 955 1967; x_wconf 60' lang='lat' dir='ltr'><strong>decisis</strong></span> <span class='ocrx_word' id='word_1_94' title='bbox 979 1913 1228 1974; x_wconf 81' lang='grc' dir='ltr'><strong><em>καματῳ</em></strong></span> <span class='ocrx_word' id='word_1_95' title='bbox 1258 1888 1545 1965; x_wconf 84' lang='lat' dir='ltr'><strong>Phaniae,</strong></span> <span class='ocrx_word' id='word_1_96' title='bbox 1590 1891 1752 1970; x_wconf 91' lang='lat' dir='ltr'><strong>quod</strong></span> <span class='ocrx_word' id='word_1_97' title='bbox 1784 1891 2176 1952; x_wconf 87' lang='lat' dir='ltr'><strong>Ruhnkenius</strong></span> <span class='ocrx_word' id='word_1_98' title='bbox 2212 1891 2442 1968; x_wconf 87' lang='lat' dir='ltr'><strong>attulit,</strong></span> <span class='ocrx_word' id='word_1_99' title='bbox 2486 1892 2549 1950; x_wconf 89' lang='lat' dir='ltr'><strong>in</strong></span> <span class='ocrx_word' id='word_1_100' title='bbox 2582 1888 2826 1952; x_wconf 79' lang='lat' dir='ltr'><strong>Anthol.</strong></span> <span class='ocrx_word' id='word_1_101' title='bbox 2856 1890 2973 1950; x_wconf 84' lang='lat' dir='ltr'><strong>Pal.</strong></span> 
     </span>
     <span class='ocr_line' id='line_1_16' title="bbox 764 1973 2973 2077; baseline -0.001 -40"><span class='ocrx_word' id='word_1_102' title='bbox 764 1977 972 2041; x_wconf 83' lang='lat' dir='ltr'><strong>vol.1.</strong></span> <span class='ocrx_word' id='word_1_103' title='bbox 1012 1997 1075 2058; x_wconf 85' lang='lat' dir='ltr'><strong>p.</strong></span> <span class='ocrx_word' id='word_1_104' title='bbox 1098 1980 1259 2043; x_wconf 58' lang='lat'><strong>283.</strong></span> <span class='ocrx_word' id='word_1_105' title='bbox 1311 1996 1403 2054; x_wconf 82' lang='lat' dir='ltr'><strong>ep.</strong></span> <span class='ocrx_word' id='word_1_106' title='bbox 1445 1973 1589 2043; x_wconf 81' lang='lat'><strong>294.</strong></span> <span class='ocrx_word' id='word_1_107' title='bbox 1681 1976 1833 2037; x_wconf 91' lang='lat' dir='ltr'><strong>Vide</strong></span> <span class='ocrx_word' id='word_1_108' title='bbox 1887 1997 2042 2077; x_wconf 85' lang='lat' dir='ltr'><strong>quae</strong></span> <span class='ocrx_word' id='word_1_109' title='bbox 2080 1976 2205 2036; x_wconf 81' lang='lat' dir='ltr'><strong>dixi</strong></span> <span class='ocrx_word' id='word_1_110' title='bbox 2258 1975 2336 2036; x_wconf 84' lang='lat' dir='ltr'><strong>ad</strong></span> <span class='ocrx_word' id='word_1_111' title='bbox 2376 1974 2583 2055; x_wconf 83' lang='lat' dir='ltr'><strong>Eurip.</strong></span> <span class='ocrx_word' id='word_1_112' title='bbox 2626 1976 2786 2036; x_wconf 82' lang='lat' dir='ltr'><strong>Med.</strong></span> <span class='ocrx_word' id='word_1_113' title='bbox 2831 1980 2973 2043; x_wconf 82' lang='lat'><strong>876.</strong></span> 
     </span>
     <span class='ocr_line' id='line_1_17' title="bbox 765 2057 2971 2161; baseline -0 -38"><span class='ocrx_word' id='word_1_114' title='bbox 765 2057 1032 2144; x_wconf 86' lang='lat' dir='ltr'><strong>Denique</strong></span> <span class='ocrx_word' id='word_1_115' title='bbox 1065 2063 1131 2122; x_wconf 89' lang='lat' dir='ltr'><strong>in</strong></span> <span class='ocrx_word' id='word_1_116' title='bbox 1174 2067 1360 2140; x_wconf 81' lang='grc' dir='ltr'><strong><em>στεῖχε</em></strong></span> <span class='ocrx_word' id='word_1_117' title='bbox 1401 2059 1838 2131; x_wconf 75' lang='lat' dir='ltr'><strong>Ruhnkenius,</strong></span> <span class='ocrx_word' id='word_1_118' title='bbox 1892 2064 1954 2122; x_wconf 88' lang='lat' dir='ltr'><strong>in</strong></span> <span class='ocrx_word' id='word_1_119' title='bbox 2001 2059 2390 2161; x_wconf 72' lang='grc' dir='ltr'><strong>συνεξανύειν</strong></span> <span class='ocrx_word' id='word_1_120' title='bbox 2431 2060 2650 2123; x_wconf 78' lang='lat' dir='ltr'><strong>incidit</strong></span> <span class='ocrx_word' id='word_1_121' title='bbox 2699 2060 2971 2140; x_wconf 66' lang='lat' dir='ltr'><strong>nge-aius.</strong></span> 
     </span>
     <span class='ocr_line' id='line_1_18' title="bbox 760 2141 2975 2251; baseline -0.001 -41"><span class='ocrx_word' id='word_1_122' title='bbox 760 2150 1016 2227; x_wconf 84' lang='lat' dir='ltr'><strong>Elegane</strong></span> <span class='ocrx_word' id='word_1_123' title='bbox 1042 2148 1157 2208; x_wconf 84' lang='lat' dir='ltr'><strong>erit</strong></span> <span class='ocrx_word' id='word_1_124' title='bbox 1187 2156 1247 2206; x_wconf 92' lang='lat' dir='ltr'><strong>et</strong></span> <span class='ocrx_word' id='word_1_125' title='bbox 1289 2149 1579 2208; x_wconf 87' lang='lat' dir='ltr'><strong>sententia</strong></span> <span class='ocrx_word' id='word_1_126' title='bbox 1612 2158 1676 2208; x_wconf 87' lang='lat' dir='ltr'><strong>et</strong></span> <span class='ocrx_word' id='word_1_127' title='bbox 1704 2146 1928 2224; x_wconf 87' lang='lat' dir='ltr'><strong>dictio,</strong></span> <span class='ocrx_word' id='word_1_128' title='bbox 1980 2148 2036 2207; x_wconf 86' lang='lat' dir='ltr'><strong>si</strong></span> <span class='ocrx_word' id='word_1_129' title='bbox 2057 2147 2505 2251; x_wconf 75' lang='lat' dir='ltr'><strong>scripserimus.</strong></span> <span class='ocrx_word' id='word_1_130' title='bbox 2551 2151 2746 2232; x_wconf 75' lang='grc' dir='ltr'>πολιῷ</span> <span class='ocrx_word' id='word_1_131' title='bbox 2781 2141 2848 2209; x_wconf 77' lang='grc' dir='ltr'><strong>δ’</strong></span> <span class='ocrx_word' id='word_1_132' title='bbox 2878 2145 2975 2210; x_wconf 79' lang='grc' dir='ltr'><strong>ἐπὶ</strong></span> 
     </span>
     <span class='ocr_line' id='line_1_19' title="bbox 761 2228 2975 2318; baseline -0.002 -20"><span class='ocrx_word' id='word_1_133' title='bbox 761 2230 1019 2298; x_wconf 78' lang='grc' dir='ltr'><strong>πολλάκι</strong></span> <span class='ocrx_word' id='word_1_134' title='bbox 1046 2235 1215 2318; x_wconf 79' lang='grc' dir='ltr'><strong><em>λωτῷ</em></strong></span> <span class='ocrx_word' id='word_1_135' title='bbox 1246 2232 1561 2313; x_wconf 78' lang='grc' dir='ltr'><strong>κημωθεὶς</strong></span> <span class='ocrx_word' id='word_1_136' title='bbox 1590 2256 1834 2312; x_wconf 78' lang='grc' dir='ltr'><strong><em>κωμους</em></strong></span> <span class='ocrx_word' id='word_1_137' title='bbox 1859 2239 2044 2312; x_wconf 78' lang='grc' dir='ltr'><strong><em>στεῖχε</em></strong></span> <span class='ocrx_word' id='word_1_138' title='bbox 2073 2228 2484 2308; x_wconf 71' lang='grc' dir='ltr'><strong>συνεξανύειν.</strong></span> <span class='ocrx_word' id='word_1_139' title='bbox 2501 2234 2566 2308; x_wconf 73' lang='lat'><strong>‘)</strong></span> <span class='ocrx_word' id='word_1_140' title='bbox 2650 2230 2975 2313; x_wconf 78' lang='grc' dir='ltr'>Κημωθεις</span> 
     </span>
     <span class='ocr_line' id='line_1_20' title="bbox 764 2295 2975 2423; baseline 0 -44"><span class='ocrx_word' id='word_1_141' title='bbox 764 2329 854 2381; x_wconf 88' lang='lat' dir='ltr'><strong>est</strong></span> <span class='ocrx_word' id='word_1_142' title='bbox 866 2321 1143 2423; x_wconf 76' lang='grc' dir='ltr'>φορβειᾷ</span> <span class='ocrx_word' id='word_1_143' title='bbox 1168 2295 1442 2379; x_wconf 78' lang='lat' dir='ltr'><strong>vinctus.</strong></span> <span class='ocrx_word' id='word_1_144' title='bbox 1486 2318 1628 2378; x_wconf 81' lang='lat' dir='ltr'><strong>vide</strong></span> <span class='ocrx_word' id='word_1_145' title='bbox 1673 2317 1870 2381; x_wconf 85' lang='lat' dir='ltr'><strong>schol.</strong></span> <span class='ocrx_word' id='word_1_146' title='bbox 1904 2316 2216 2399; x_wconf 78' lang='lat' dir='ltr'><strong>Aristopb.</strong></span> <span class='ocrx_word' id='word_1_147' title='bbox 2250 2318 2329 2378; x_wconf 87' lang='lat' dir='ltr'><strong>ad</strong></span> <span class='ocrx_word' id='word_1_148' title='bbox 2360 2317 2690 2397; x_wconf 82' lang='lat' dir='ltr'><strong>Eq.1147.</strong></span> <span class='ocrx_word' id='word_1_149' title='bbox 2754 2319 2975 2394; x_wconf 72' lang='grc' dir='ltr'><strong><em>Συνεξ-</em></strong></span> 
     </span>
     <span class='ocr_line' id='line_1_21' title="bbox 764 2401 2810 2486; baseline -0.003 -17"><span class='ocrx_word' id='word_1_150' title='bbox 764 2401 976 2469; x_wconf 56' lang='lat' dir='ltr'><strong>avom</strong></span> <span class='ocrx_word' id='word_1_151' title='bbox 1010 2413 1206 2464; x_wconf 83' lang='lat' dir='ltr'><strong>autem</strong></span> <span class='ocrx_word' id='word_1_152' title='bbox 1227 2448 1247 2482; x_wconf 88' lang='lat'><strong>,</strong></span> <span class='ocrx_word' id='word_1_153' title='bbox 1285 2403 1455 2481; x_wconf 91' lang='lat' dir='ltr'><strong>quod</strong></span> <span class='ocrx_word' id='word_1_154' title='bbox 1485 2403 1841 2463; x_wconf 81' lang='lat' dir='ltr'><strong>tibicinam</strong></span> <span class='ocrx_word' id='word_1_155' title='bbox 1823 2425 1955 2486; x_wconf 76' lang='lat' dir='ltr'><strong>ipse</strong></span> <span class='ocrx_word' id='word_1_156' title='bbox 1981 2403 2131 2463; x_wconf 84' lang='lat' dir='ltr'><strong>tibia</strong></span> <span class='ocrx_word' id='word_1_157' title='bbox 2170 2423 2388 2464; x_wconf 81' lang='lat' dir='ltr'><strong>canens</strong></span> <span class='ocrx_word' id='word_1_158' title='bbox 2421 2403 2810 2483; x_wconf 81' lang='lat' dir='ltr'><strong>sequebatur.</strong></span> 
     </span>
    </p>

    <p class='ocr_par' dir='ltr' id='par_1_6' title="bbox 756 2481 3072 3853">
     <span class='ocr_line' id='line_1_22' title="bbox 932 2481 2972 2568; baseline -0.002 -15"><span class='ocrx_word' id='word_1_159' title='bbox 932 2492 1036 2556; x_wconf 80' lang='lat'><strong>39.</strong></span> <span class='ocrx_word' id='word_1_160' title='bbox 1085 2487 1233 2550; x_wconf 85' lang='lat' dir='ltr'><strong>cod.</strong></span> <span class='ocrx_word' id='word_1_161' title='bbox 1248 2483 1410 2549; x_wconf 80' lang='lat' dir='ltr'><strong>Ven.</strong></span> <span class='ocrx_word' id='word_1_162' title='bbox 1440 2481 1552 2568; x_wconf 76' lang='grc' dir='ltr'><strong>ἥδ’</strong></span> <span class='ocrx_word' id='word_1_163' title='bbox 1570 2488 1756 2550; x_wconf 89' lang='lat' dir='ltr'><strong>habet</strong></span> <span class='ocrx_word' id='word_1_164' title='bbox 1797 2500 1933 2550; x_wconf 84' lang='lat' dir='ltr'><strong>ante</strong></span> <span class='ocrx_word' id='word_1_165' title='bbox 1971 2486 2193 2568; x_wconf 81' lang='grc' dir='ltr'><strong><em>ἤχθεε,</em></strong></span> <span class='ocrx_word' id='word_1_166' title='bbox 2238 2490 2673 2552; x_wconf 75' lang='lat' dir='ltr'><strong>Laurentianus</strong></span> <span class='ocrx_word' id='word_1_167' title='bbox 2707 2514 2771 2568; x_wconf 82' lang='grc' dir='ltr'><strong>η.</strong></span> <span class='ocrx_word' id='word_1_168' title='bbox 2861 2488 2972 2549; x_wconf 79' lang='lat' dir='ltr'><strong>Ca-</strong></span> 
     </span>
     <span class='ocr_line' id='line_1_23' title="bbox 762 2567 2976 2658; baseline 0 -21"><span class='ocrx_word' id='word_1_169' title='bbox 762 2575 1099 2650; x_wconf 73' lang='lat' dir='ltr'><strong>saubonm,</strong></span> <span class='ocrx_word' id='word_1_170' title='bbox 1143 2593 1327 2653; x_wconf 89' lang='lat' dir='ltr'><strong>quum</strong></span> <span class='ocrx_word' id='word_1_171' title='bbox 1372 2567 1485 2657; x_wconf 73' lang='grc' dir='ltr'><strong>ἠδὲ</strong></span> <span class='ocrx_word' id='word_1_172' title='bbox 1532 2575 1836 2658; x_wconf 74' lang='grc' dir='ltr'><strong><em>Φέρεκλον</em></strong></span> <span class='ocrx_word' id='word_1_173' title='bbox 1878 2575 2061 2637; x_wconf 84' lang='lat' dir='ltr'><strong>scribi</strong></span> <span class='ocrx_word' id='word_1_174' title='bbox 2098 2576 2326 2653; x_wconf 87' lang='lat' dir='ltr'><strong>voluit,</strong></span> <span class='ocrx_word' id='word_1_175' title='bbox 2382 2571 2572 2657; x_wconf 78' lang='grc' dir='ltr'><strong><em>ἤχθεε</em></strong></span> <span class='ocrx_word' id='word_1_176' title='bbox 2613 2574 2862 2637; x_wconf 82' lang='lat' dir='ltr'><strong>videtur</strong></span> <span class='ocrx_word' id='word_1_177' title='bbox 2900 2573 2976 2637; x_wconf 83' lang='lat' dir='ltr'><strong>ab</strong></span> 
     </span>
     <span class='ocr_line' id='line_1_24' title="bbox 760 2656 2980 2740; baseline -0 -17"><span class='ocrx_word' id='word_1_178' title='bbox 760 2656 967 2740; x_wconf 76' lang='grc' dir='ltr'><strong><em>ἆχθέω</em></strong></span> <span class='ocrx_word' id='word_1_179' title='bbox 992 2661 1310 2720; x_wconf 84' lang='lat' dir='ltr'><strong>derivasse·</strong></span> <span class='ocrx_word' id='word_1_180' title='bbox 1400 2661 1481 2720; x_wconf 80' lang='lat' dir='ltr'><strong>At</strong></span> <span class='ocrx_word' id='word_1_181' title='bbox 1510 2660 1576 2720; x_wconf 92' lang='lat' dir='ltr'><strong>id</strong></span> <span class='ocrx_word' id='word_1_182' title='bbox 1602 2681 1791 2739; x_wconf 85' lang='lat' dir='ltr'><strong>aeque</strong></span> <span class='ocrx_word' id='word_1_183' title='bbox 1817 2662 2170 2723; x_wconf 86' lang='lat' dir='ltr'><strong>inusitatum</strong></span> <span class='ocrx_word' id='word_1_184' title='bbox 2205 2672 2274 2721; x_wconf 90' lang='lat' dir='ltr'><strong>ut</strong></span> <span class='ocrx_word' id='word_1_185' title='bbox 2307 2661 2519 2740; x_wconf 61' lang='lat'><strong>3205«)-</strong></span> <span class='ocrx_word' id='word_1_186' title='bbox 2581 2660 2980 2723; x_wconf 69' lang='lat' dir='ltr'><strong>Ruhnkeniut</strong></span> 
     </span>
     <span class='ocr_line' id='line_1_25' title="bbox 761 2740 2982 2854; baseline 0 -48"><span class='ocrx_word' id='word_1_187' title='bbox 761 2747 1017 2826; x_wconf 87' lang='lat' dir='ltr'><strong>aliique,</strong></span> <span class='ocrx_word' id='word_1_188' title='bbox 1060 2745 1392 2827; x_wconf 82' lang='lat' dir='ltr'><strong>probantes</strong></span> <span class='ocrx_word' id='word_1_189' title='bbox 1426 2746 1584 2806; x_wconf 89' lang='lat' dir='ltr'><strong>illud</strong></span> <span class='ocrx_word' id='word_1_190' title='bbox 1627 2746 1967 2807; x_wconf 78' lang='lat' dir='ltr'><strong>casauboni</strong></span> <span class='ocrx_word' id='word_1_191' title='bbox 2007 2740 2153 2825; x_wconf 75' lang='grc' dir='ltr'><strong>η’δέ,</strong></span> <span class='ocrx_word' id='word_1_192' title='bbox 2187 2767 2269 2807; x_wconf 87' lang='lat' dir='ltr'><strong>ue</strong></span> <span class='ocrx_word' id='word_1_193' title='bbox 2305 2747 2687 2808; x_wconf 86' lang='lat' dir='ltr'><strong>attenderunt</strong></span> <span class='ocrx_word' id='word_1_194' title='bbox 2732 2746 2982 2854; x_wconf 84' lang='lat' dir='ltr'><strong>quidem</strong></span> 
     </span>
     <span class='ocr_line' id='line_1_26' title="bbox 760 2825 3072 2939; baseline 0.001 -48"><span class='ocrx_word' id='word_1_195' title='bbox 760 2830 836 2891; x_wconf 83' lang='lat' dir='ltr'><strong>ad</strong></span> <span class='ocrx_word' id='word_1_196' title='bbox 864 2832 1217 2892; x_wconf 86' lang='lat' dir='ltr'><strong>insolentem</strong></span> <span class='ocrx_word' id='word_1_197' title='bbox 1247 2830 1420 2890; x_wconf 86' lang='lat' dir='ltr'><strong>verbi</strong></span> <span class='ocrx_word' id='word_1_198' title='bbox 1446 2833 1719 2893; x_wconf 85' lang='lat' dir='ltr'><strong>formam.</strong></span> <span class='ocrx_word' id='word_1_199' title='bbox 1757 2833 1828 2892; x_wconf 87' lang='lat' dir='ltr'><strong>ln</strong></span> <span class='ocrx_word' id='word_1_200' title='bbox 1828 2841 2239 2939; x_wconf 82' lang='lat' dir='ltr'><strong>pentametro</strong></span> <span class='ocrx_word' id='word_1_201' title='bbox 2269 2831 2395 2894; x_wconf 86' lang='lat' dir='ltr'><strong>Pal.</strong></span> <span class='ocrx_word' id='word_1_202' title='bbox 2428 2852 2568 2892; x_wconf 85' lang='lat' dir='ltr'><strong>cum</strong></span> <span class='ocrx_word' id='word_1_203' title='bbox 2594 2832 2734 2893; x_wconf 88' lang='lat' dir='ltr'><strong>edd.</strong></span> <span class='ocrx_word' id='word_1_204' title='bbox 2764 2825 2980 2911; x_wconf 78' lang='grc' dir='ltr'>τοιάδ’,</span> <span class='ocrx_word' id='word_1_205' title='bbox 3065 2834 3072 2841; x_wconf 82' lang='grc'><em>’</em></span> 
     </span>
     <span class='ocr_line' id='line_1_27' title="bbox 759 2909 2979 2998; baseline 0.001 -21"><span class='ocrx_word' id='word_1_206' title='bbox 759 2919 938 2979; x_wconf 88' lang='lat' dir='ltr'><strong>Laur.</strong></span> <span class='ocrx_word' id='word_1_207' title='bbox 967 2909 1239 2992; x_wconf 71' lang='lat' dir='ltr'><strong>voi&#39;evd’,</strong></span> <span class='ocrx_word' id='word_1_208' title='bbox 1276 2915 1424 2977; x_wconf 89' lang='lat' dir='ltr'><strong>Ven.</strong></span> <span class='ocrx_word' id='word_1_209' title='bbox 1450 2919 1622 2982; x_wconf 81' lang='grc' dir='ltr'><strong><em>τοίαν</em></strong></span> <span class='ocrx_word' id='word_1_210' title='bbox 1650 2919 1751 2978; x_wconf 82' lang='lat' dir='ltr'><strong>vel</strong></span> <span class='ocrx_word' id='word_1_211' title='bbox 1782 2911 1847 2978; x_wconf 78' lang='grc' dir='ltr'><strong>τ’</strong></span> <span class='ocrx_word' id='word_1_212' title='bbox 1880 2941 2034 2981; x_wconf 82' lang='grc' dir='ltr'>οιαν.</span> <span class='ocrx_word' id='word_1_213' title='bbox 2124 2918 2219 2995; x_wconf 84' lang='grc' dir='ltr'><strong>8ἰ,</strong></span> <span class='ocrx_word' id='word_1_214' title='bbox 2262 2925 2331 2976; x_wconf 87' lang='grc' dir='ltr'><strong>ιιι</strong></span> <span class='ocrx_word' id='word_1_215' title='bbox 2362 2938 2475 2998; x_wconf 83' lang='lat' dir='ltr'><strong>par</strong></span> <span class='ocrx_word' id='word_1_216' title='bbox 2507 2928 2631 2996; x_wconf 87' lang='lat' dir='ltr'><strong>est,</strong></span> <span class='ocrx_word' id='word_1_217' title='bbox 2674 2938 2797 2977; x_wconf 90' lang='grc' dir='ltr'>ιιοιι</span> <span class='ocrx_word' id='word_1_218' title='bbox 2823 2937 2979 2998; x_wconf 87' lang='lat' dir='ltr'><strong>pue·</strong></span> 
     </span>
     <span class='ocr_line' id='line_1_28' title="bbox 758 3001 2980 3083; baseline -0.001 -18"><span class='ocrx_word' id='word_1_219' title='bbox 758 3001 1001 3065; x_wconf 87' lang='lat' dir='ltr'><strong>riliter</strong></span> <span class='ocrx_word' id='word_1_220' title='bbox 982 3024 1047 3063; x_wconf 86' lang='grc' dir='ltr'><strong>ιιι</strong></span> <span class='ocrx_word' id='word_1_221' title='bbox 1081 3001 1394 3063; x_wconf 78' lang='lat' dir='ltr'><strong>vocabulis</strong></span> <span class='ocrx_word' id='word_1_222' title='bbox 1424 3022 1605 3064; x_wconf 86' lang='lat' dir='ltr'><strong>sensu</strong></span> <span class='ocrx_word' id='word_1_223' title='bbox 1644 3003 1985 3064; x_wconf 79' lang='lat' dir='ltr'><strong>carentibus</strong></span> <span class='ocrx_word' id='word_1_224' title='bbox 2016 3002 2260 3078; x_wconf 89' lang='lat' dir='ltr'><strong>ludere,</strong></span> <span class='ocrx_word' id='word_1_225' title='bbox 2304 3002 2413 3063; x_wconf 90' lang='lat' dir='ltr'><strong>sed</strong></span> <span class='ocrx_word' id='word_1_226' title='bbox 2437 3002 2504 3061; x_wconf 89' lang='lat' dir='ltr'><strong>id</strong></span> <span class='ocrx_word' id='word_1_227' title='bbox 2542 3023 2835 3083; x_wconf 78' lang='lat' dir='ltr'><strong>quaerere</strong></span> <span class='ocrx_word' id='word_1_228' title='bbox 2868 3023 2980 3063; x_wconf 79' lang='lat' dir='ltr'><strong>vo·</strong></span> 
     </span>
     <span class='ocr_line' id='line_1_29' title="bbox 762 3086 2981 3170; baseline 0 -21"><span class='ocrx_word' id='word_1_229' title='bbox 762 3088 986 3165; x_wconf 87' lang='lat' dir='ltr'><strong>lumus,</strong></span> <span class='ocrx_word' id='word_1_230' title='bbox 1029 3086 1192 3168; x_wconf 89' lang='lat' dir='ltr'><strong>quod</strong></span> <span class='ocrx_word' id='word_1_231' title='bbox 1216 3086 1415 3148; x_wconf 86' lang='lat' dir='ltr'><strong>dicere</strong></span> <span class='ocrx_word' id='word_1_232' title='bbox 1445 3097 1624 3170; x_wconf 84' lang='lat' dir='ltr'><strong>poeta</strong></span> <span class='ocrx_word' id='word_1_233' title='bbox 1654 3088 1752 3149; x_wconf 79' lang='lat' dir='ltr'><strong>vel</strong></span> <span class='ocrx_word' id='word_1_234' title='bbox 1780 3087 2050 3170; x_wconf 89' lang='lat' dir='ltr'><strong>potuerit</strong></span> <span class='ocrx_word' id='word_1_235' title='bbox 2069 3089 2167 3147; x_wconf 81' lang='lat' dir='ltr'><strong>vel</strong></span> <span class='ocrx_word' id='word_1_236' title='bbox 2195 3086 2492 3163; x_wconf 84' lang='lat' dir='ltr'><strong>debuerit,</strong></span> <span class='ocrx_word' id='word_1_237' title='bbox 2537 3098 2812 3169; x_wconf 86' lang='lat' dir='ltr'><strong>apertum</strong></span> <span class='ocrx_word' id='word_1_238' title='bbox 2849 3108 2981 3149; x_wconf 75' lang='lat' dir='ltr'><strong>esse</strong></span> 
     </span>
     <span class='ocr_line' id='line_1_30' title="bbox 765 3170 2981 3252; baseline 0.001 -20"><span class='ocrx_word' id='word_1_239' title='bbox 765 3174 1065 3249; x_wconf 83' lang='lat' dir='ltr'><strong>arbitror,</strong></span> <span class='ocrx_word' id='word_1_240' title='bbox 1106 3170 1264 3233; x_wconf 85' lang='lat' dir='ltr'><strong>hanc</strong></span> <span class='ocrx_word' id='word_1_241' title='bbox 1296 3173 1360 3233; x_wconf 82' lang='lat' dir='ltr'><strong>in</strong></span> <span class='ocrx_word' id='word_1_242' title='bbox 1394 3174 1594 3235; x_wconf 79' lang='lat' dir='ltr'><strong>verbis</strong></span> <span class='ocrx_word' id='word_1_243' title='bbox 1623 3173 1746 3234; x_wconf 88' lang='lat' dir='ltr'><strong>illis</strong></span> <span class='ocrx_word' id='word_1_244' title='bbox 1784 3173 2132 3234; x_wconf 81' lang='lat' dir='ltr'><strong>sententiam</strong></span> <span class='ocrx_word' id='word_1_245' title='bbox 2174 3174 2434 3252; x_wconf 86' lang='lat' dir='ltr'><strong>requiri,</strong></span> <span class='ocrx_word' id='word_1_246' title='bbox 2479 3194 2681 3234; x_wconf 82' lang='lat' dir='ltr'><strong>amore</strong></span> <span class='ocrx_word' id='word_1_247' title='bbox 2722 3175 2981 3234; x_wconf 87' lang='lat' dir='ltr'><strong>constri-</strong></span> 
     </span>
     <span class='ocr_line' id='line_1_31' title="bbox 763 3258 2980 3338; baseline 0 -19"><span class='ocrx_word' id='word_1_248' title='bbox 763 3269 927 3319; x_wconf 87' lang='lat' dir='ltr'><strong>ctum</strong></span> <span class='ocrx_word' id='word_1_249' title='bbox 957 3259 1163 3319; x_wconf 86' lang='lat' dir='ltr'><strong>odium</strong></span> <span class='ocrx_word' id='word_1_250' title='bbox 1204 3258 1485 3319; x_wconf 80' lang='lat' dir='ltr'><strong>abiecisse</strong></span> <span class='ocrx_word' id='word_1_251' title='bbox 1528 3259 1946 3320; x_wconf 83' lang='lat' dir='ltr'><strong>Mimnermum</strong></span> <span class='ocrx_word' id='word_1_252' title='bbox 1986 3258 2398 3333; x_wconf 89' lang='lat' dir='ltr'><strong>inimicorum,</strong></span> <span class='ocrx_word' id='word_1_253' title='bbox 2442 3280 2578 3319; x_wconf 89' lang='lat' dir='ltr'><strong>cum</strong></span> <span class='ocrx_word' id='word_1_254' title='bbox 2609 3259 2833 3338; x_wconf 81' lang='lat' dir='ltr'><strong>quibus</strong></span> <span class='ocrx_word' id='word_1_255' title='bbox 2871 3281 2980 3320; x_wconf 86' lang='lat' dir='ltr'><strong>an-</strong></span> 
     </span>
     <span class='ocr_line' id='line_1_32' title="bbox 761 3344 2976 3421; baseline -0.001 -15"><span class='ocrx_word' id='word_1_256' title='bbox 761 3355 859 3406; x_wconf 88' lang='lat' dir='ltr'><strong>tea</strong></span> <span class='ocrx_word' id='word_1_257' title='bbox 904 3364 1117 3421; x_wconf 82' lang='lat' dir='ltr'><strong>graves</strong></span> <span class='ocrx_word' id='word_1_258' title='bbox 1146 3345 1266 3403; x_wconf 85' lang='lat' dir='ltr'><strong>iras</strong></span> <span class='ocrx_word' id='word_1_259' title='bbox 1300 3345 1688 3406; x_wconf 84' lang='lat' dir='ltr'><strong>exercuisset.</strong></span> <span class='ocrx_word' id='word_1_260' title='bbox 1778 3344 2067 3405; x_wconf 86' lang='lat' dir='ltr'><strong>Similiter</strong></span> <span class='ocrx_word' id='word_1_261' title='bbox 2109 3344 2541 3405; x_wconf 81' lang='lat' dir='ltr'><strong>Hermesianax</strong></span> <span class='ocrx_word' id='word_1_262' title='bbox 2584 3345 2646 3404; x_wconf 91' lang='lat' dir='ltr'><strong>in</strong></span> <span class='ocrx_word' id='word_1_263' title='bbox 2687 3344 2805 3405; x_wconf 87' lang='lat' dir='ltr'><strong>fine</strong></span> <span class='ocrx_word' id='word_1_264' title='bbox 2853 3345 2976 3404; x_wconf 81' lang='lat' dir='ltr'><strong>fra-</strong></span> 
     </span>
     <span class='ocr_line' id='line_1_33' title="bbox 759 3429 2977 3537; baseline 0 -48"><span class='ocrx_word' id='word_1_265' title='bbox 759 3430 984 3509; x_wconf 80' lang='lat' dir='ltr'><strong>gmenti</strong></span> <span class='ocrx_word' id='word_1_266' title='bbox 1011 3429 1390 3509; x_wconf 79' lang='lat' dir='ltr'><strong>Aristippum</strong></span> <span class='ocrx_word' id='word_1_267' title='bbox 1411 3432 1482 3491; x_wconf 82' lang='lat' dir='ltr'><strong>ab</strong></span> <span class='ocrx_word' id='word_1_268' title='bbox 1499 3432 1701 3491; x_wconf 86' lang='lat' dir='ltr'><strong>solitis</strong></span> <span class='ocrx_word' id='word_1_269' title='bbox 1721 3430 2229 3537; x_wconf 85' lang='lat' dir='ltr'><strong>disputationibus</strong></span> <span class='ocrx_word' id='word_1_270' title='bbox 2251 3431 2542 3534; x_wconf 82' lang='lat' dir='ltr'><strong>refugisse</strong></span> <span class='ocrx_word' id='word_1_271' title='bbox 2557 3429 2723 3492; x_wconf 87' lang='lat' dir='ltr'><strong>dicit.</strong></span> <span class='ocrx_word' id='word_1_272' title='bbox 2755 3431 2977 3504; x_wconf 86' lang='lat' dir='ltr'><strong>Quare</strong></span> 
     </span>
     <span class='ocr_line' id='line_1_34' title="bbox 758 3507 2977 3625; baseline 0.002 -51"><span class='ocrx_word' id='word_1_273' title='bbox 758 3517 848 3575; x_wconf 84' lang='lat' dir='ltr'><strong>sic</strong></span> <span class='ocrx_word' id='word_1_274' title='bbox 872 3515 1254 3575; x_wconf 89' lang='lat' dir='ltr'><strong>scribendum</strong></span> <span class='ocrx_word' id='word_1_275' title='bbox 1283 3517 1553 3578; x_wconf 81' lang='lat' dir='ltr'><strong>videtur·</strong></span> <span class='ocrx_word' id='word_1_276' title='bbox 1600 3511 1806 3625; x_wconf 71' lang='grc' dir='ltr'><strong><em>δήχθη</em></strong></span> <span class='ocrx_word' id='word_1_277' title='bbox 1839 3510 1934 3589; x_wconf 82' lang='grc' dir='ltr'><strong>δ’,</strong></span> <span class='ocrx_word' id='word_1_278' title='bbox 1973 3509 2312 3597; x_wconf 79' lang='grc' dir='ltr'>Ἑρμόβιον</span> <span class='ocrx_word' id='word_1_279' title='bbox 2347 3540 2453 3579; x_wconf 85' lang='grc' dir='ltr'><strong>τον</strong></span> <span class='ocrx_word' id='word_1_280' title='bbox 2498 3507 2595 3580; x_wconf 76' lang='grc' dir='ltr'><strong>ἆεὶ</strong></span> <span class='ocrx_word' id='word_1_281' title='bbox 2636 3515 2840 3598; x_wconf 83' lang='grc' dir='ltr'><strong><em>βαρυν</em></strong></span> <span class='ocrx_word' id='word_1_282' title='bbox 2869 3510 2977 3595; x_wconf 70' lang='grc' dir='ltr'><strong>ἠδὲ</strong></span> 
     </span>
     <span class='ocr_line' id='line_1_35' title="bbox 761 3595 2974 3682; baseline -0.001 -19"><span class='ocrx_word' id='word_1_283' title='bbox 761 3603 1072 3682; x_wconf 79' lang='grc' dir='ltr'><strong><em>Φερεκλῆν</em></strong></span> <span class='ocrx_word' id='word_1_284' title='bbox 1126 3596 1343 3679; x_wconf 74' lang='grc' dir='ltr'><strong><em>ἐχθρὸν</em></strong></span> <span class='ocrx_word' id='word_1_285' title='bbox 1398 3595 1664 3682; x_wconf 79' lang='grc' dir='ltr'>μισήσας</span> <span class='ocrx_word' id='word_1_286' title='bbox 1712 3597 1801 3664; x_wconf 84' lang='grc' dir='ltr'><strong>οἷ’</strong></span> <span class='ocrx_word' id='word_1_287' title='bbox 1846 3595 2203 3682; x_wconf 59' lang='grc' dir='ltr'><strong><em>ἀνέπεμψεν</em></strong></span> <span class='ocrx_word' id='word_1_288' title='bbox 2244 3600 2378 3680; x_wconf 71' lang='grc' dir='ltr'><strong>ἔπη.</strong></span> <span class='ocrx_word' id='word_1_289' title='bbox 2466 3601 2774 3662; x_wconf 86' lang='lat' dir='ltr'><strong>Poenituit</strong></span> <span class='ocrx_word' id='word_1_290' title='bbox 2819 3621 2974 3674; x_wconf 86' lang='lat' dir='ltr'><strong>eum,</strong></span> 
     </span>
     <span class='ocr_line' id='line_1_36' title="bbox 756 3684 2972 3768; baseline -0 -19"><span class='ocrx_word' id='word_1_291' title='bbox 756 3685 989 3765; x_wconf 65' lang='lat' dir='ltr'><strong>hquit,</strong></span> <span class='ocrx_word' id='word_1_292' title='bbox 1034 3684 1394 3762; x_wconf 89' lang='lat' dir='ltr'><strong>carminum,</strong></span> <span class='ocrx_word' id='word_1_293' title='bbox 1438 3688 1640 3768; x_wconf 83' lang='lat' dir='ltr'><strong>qualia</strong></span> <span class='ocrx_word' id='word_1_294' title='bbox 1683 3687 2015 3762; x_wconf 84' lang='lat' dir='ltr'><strong>effuderat,</strong></span> <span class='ocrx_word' id='word_1_295' title='bbox 2062 3706 2250 3767; x_wconf 88' lang='lat' dir='ltr'><strong>quum</strong></span> <span class='ocrx_word' id='word_1_296' title='bbox 2296 3707 2528 3766; x_wconf 83' lang='lat' dir='ltr'><strong>semper</strong></span> <span class='ocrx_word' id='word_1_297' title='bbox 2570 3687 2686 3747; x_wconf 82' lang='lat' dir='ltr'><strong>sibi</strong></span> <span class='ocrx_word' id='word_1_298' title='bbox 2729 3707 2972 3766; x_wconf 80' lang='lat' dir='ltr'><strong>gravem</strong></span> 
     </span>
     <span class='ocr_line' id='line_1_37' title="bbox 760 3770 2734 3853; baseline 0.002 -23"><span class='ocrx_word' id='word_1_299' title='bbox 760 3770 1186 3846; x_wconf 80' lang='lat' dir='ltr'><strong>Hermobium,</strong></span> <span class='ocrx_word' id='word_1_300' title='bbox 1230 3770 1664 3853; x_wconf 87' lang='lat' dir='ltr'><strong>inimicumque</strong></span> <span class='ocrx_word' id='word_1_301' title='bbox 1693 3771 2040 3833; x_wconf 87' lang='lat' dir='ltr'><strong>Phereclem</strong></span> <span class='ocrx_word' id='word_1_302' title='bbox 2082 3771 2223 3833; x_wconf 90' lang='lat' dir='ltr'><strong>odio</strong></span> <span class='ocrx_word' id='word_1_303' title='bbox 2250 3783 2734 3853; x_wconf 84' lang='lat' dir='ltr'><strong>persequeretur.</strong></span> 
     </span>
    </p>

    <p class='ocr_par' dir='ltr' id='par_1_7' title="bbox 758 3856 2971 4198">
     <span class='ocr_line' id='line_1_38' title="bbox 929 3856 2970 3953; baseline 0.003 -39"><span class='ocrx_word' id='word_1_304' title='bbox 929 3856 1032 3922; x_wconf 82' lang='lat'><strong>41.</strong></span> <span class='ocrx_word' id='word_1_305' title='bbox 1085 3856 1229 3915; x_wconf 89' lang='lat' dir='ltr'><strong>Ven.</strong></span> <span class='ocrx_word' id='word_1_306' title='bbox 1277 3868 1338 3918; x_wconf 88' lang='lat' dir='ltr'><strong>et</strong></span> <span class='ocrx_word' id='word_1_307' title='bbox 1386 3859 1431 3917; x_wconf 87' lang='lat' dir='ltr'>L</span> <span class='ocrx_word' id='word_1_308' title='bbox 1434 3879 1559 3921; x_wconf 86' lang='lat' dir='ltr'><strong>aur.</strong></span> <span class='ocrx_word' id='word_1_309' title='bbox 1603 3859 1937 3938; x_wconf 78' lang='grc' dir='ltr'><strong><em>Λυσηίδος.</em></strong></span> <span class='ocrx_word' id='word_1_310' title='bbox 2024 3857 2147 3921; x_wconf 81' lang='lat' dir='ltr'><strong>Pal.</strong></span> <span class='ocrx_word' id='word_1_311' title='bbox 2188 3866 2249 3918; x_wconf 89' lang='lat' dir='ltr'><strong>et</strong></span> <span class='ocrx_word' id='word_1_312' title='bbox 2270 3857 2408 3918; x_wconf 65' lang='lat' dir='ltr'><strong>edd„</strong></span> <span class='ocrx_word' id='word_1_313' title='bbox 2448 3867 2591 3919; x_wconf 81' lang='lat' dir='ltr'><strong>vett.</strong></span> <span class='ocrx_word' id='word_1_314' title='bbox 2628 3860 2970 3953; x_wconf 70' lang='grc' dir='ltr'><strong><em>χρυσηΐδος,</em></strong></span> 
     </span>
     <span class='ocr_line' id='line_1_39' title="bbox 759 3940 2971 4022; baseline 0 -20"><span class='ocrx_word' id='word_1_315' title='bbox 759 3941 895 4002; x_wconf 84' lang='grc' dir='ltr'>Νοιι</span> <span class='ocrx_word' id='word_1_316' title='bbox 932 3940 1347 4022; x_wconf 86' lang='lat' dir='ltr'><strong>improbabilis</strong></span> <span class='ocrx_word' id='word_1_317' title='bbox 1378 3945 1624 4006; x_wconf 82' lang='lat' dir='ltr'><strong>videtur</strong></span> <span class='ocrx_word' id='word_1_318' title='bbox 1667 3941 2006 4004; x_wconf 82' lang='lat' dir='ltr'><strong>Ruhnkenii</strong></span> <span class='ocrx_word' id='word_1_319' title='bbox 2034 3942 2420 4018; x_wconf 86' lang='lat' dir='ltr'><strong>coniectura,</strong></span> <span class='ocrx_word' id='word_1_320' title='bbox 2467 3944 2825 4005; x_wconf 84' lang='lat' dir='ltr'><strong>insolentius</strong></span> <span class='ocrx_word' id='word_1_321' title='bbox 2867 3942 2971 4004; x_wconf 78' lang='lat' dir='ltr'><strong>no·</strong></span> 
     </span>
     <span class='ocr_line' id='line_1_40' title="bbox 759 4017 2970 4110; baseline 0.001 -22"><span class='ocrx_word' id='word_1_322' title='bbox 759 4046 895 4088; x_wconf 85' lang='lat' dir='ltr'><strong>men</strong></span> <span class='ocrx_word' id='word_1_323' title='bbox 935 4026 1154 4106; x_wconf 80' lang='lat' dir='ltr'><strong>gentile</strong></span> <span class='ocrx_word' id='word_1_324' title='bbox 1179 4029 1612 4090; x_wconf 87' lang='lat' dir='ltr'><strong>restituendum</strong></span> <span class='ocrx_word' id='word_1_325' title='bbox 1639 4017 1935 4110; x_wconf 56' lang='lat' dir='ltr'><strong>putantis:</strong></span> <span class='ocrx_word' id='word_1_326' title='bbox 1975 4023 2194 4109; x_wconf 79' lang='grc' dir='ltr'><strong><em>Λυδης</em></strong></span> <span class='ocrx_word' id='word_1_327' title='bbox 2221 4029 2564 4107; x_wconf 78' lang='grc' dir='ltr'><strong><em>Λυδηΐδος,</em></strong></span> <span class='ocrx_word' id='word_1_328' title='bbox 2612 4028 2692 4089; x_wconf 93' lang='lat' dir='ltr'><strong>ob</strong></span> <span class='ocrx_word' id='word_1_329' title='bbox 2720 4030 2970 4091; x_wconf 79' lang='lat' dir='ltr'><strong>similem</strong></span> 
     </span>
     <span class='ocr_line' id='line_1_41' title="bbox 758 4110 2553 4198; baseline 0.002 -26"><span class='ocrx_word' id='word_1_330' title='bbox 758 4110 1149 4192; x_wconf 78' lang='lat' dir='ltr'><strong>Asclepiadae</strong></span> <span class='ocrx_word' id='word_1_331' title='bbox 1174 4112 1410 4191; x_wconf 89' lang='lat' dir='ltr'><strong>locum,</strong></span> <span class='ocrx_word' id='word_1_332' title='bbox 1456 4111 1637 4196; x_wconf 68' lang='lat' dir='ltr'><strong>Amin</strong></span> <span class='ocrx_word' id='word_1_333' title='bbox 1668 4114 1770 4178; x_wconf 75' lang='grc' dir='ltr'><strong>καὶ</strong></span> <span class='ocrx_word' id='word_1_334' title='bbox 1808 4113 1981 4198; x_wconf 75' lang='grc' dir='ltr'><strong><em>γένος</em></strong></span> <span class='ocrx_word' id='word_1_335' title='bbox 2006 4113 2130 4196; x_wconf 80' lang='grc' dir='ltr'><strong>εἰμὶ</strong></span> <span class='ocrx_word' id='word_1_336' title='bbox 2160 4112 2266 4177; x_wconf 71' lang='grc' dir='ltr'><strong>καὶ</strong></span> <span class='ocrx_word' id='word_1_337' title='bbox 2298 4138 2553 4196; x_wconf 84' lang='grc' dir='ltr'><strong><em>ουνομα.</em></strong></span> 
     </span>
    </p>
   </div>
   <div class='ocr_carea' id='block_1_6' title="bbox 759 4274 1178 4290">
    <p class='ocr_par' dir='ltr' id='par_1_8' title="bbox 759 4274 1178 4290">
     <span class='ocr_line' id='line_1_42' title="bbox 759 4274 1178 4290; baseline 0 985"><span class='ocrx_word' id='word_1_338' title='bbox 759 4274 1178 4290; x_wconf 95' lang='lat' dir='ltr'><strong> </strong></span> 
     </span>
    </p>
   </div>
   <div class='ocr_carea' id='block_1_7' title="bbox 757 4364 2967 4510">
    <p class='ocr_par' dir='ltr' id='par_1_9' title="bbox 757 4364 2967 4510">
     <span class='ocr_line' id='line_1_43' title="bbox 895 4364 2966 4440; baseline -0.002 -17"><span class='ocrx_word' id='word_1_339' title='bbox 895 4367 957 4438; x_wconf 84' lang='lat' dir='ltr'><strong>e)</strong></span> <span class='ocrx_word' id='word_1_340' title='bbox 988 4365 1198 4424; x_wconf 82' lang='lat' dir='ltr'><strong>Sieiam</strong></span> <span class='ocrx_word' id='word_1_341' title='bbox 1237 4368 1304 4424; x_wconf 82' lang='lat' dir='ltr'><strong>ad</strong></span> <span class='ocrx_word' id='word_1_342' title='bbox 1345 4367 1516 4440; x_wconf 86' lang='lat' dir='ltr'><strong>Orph.</strong></span> <span class='ocrx_word' id='word_1_343' title='bbox 1554 4370 1668 4437; x_wconf 77' lang='lat' dir='ltr'><strong>Arg</strong></span> <span class='ocrx_word' id='word_1_344' title='bbox 1666 4386 1750 4422; x_wconf 90' lang='grc' dir='ltr'>οιι.</span> <span class='ocrx_word' id='word_1_345' title='bbox 1787 4370 1942 4427; x_wconf 79' lang='lat'><strong>1293.</strong></span> <span class='ocrx_word' id='word_1_346' title='bbox 1983 4366 2210 4423; x_wconf 80' lang='lat' dir='ltr'><strong>correxi·</strong></span> <span class='ocrx_word' id='word_1_347' title='bbox 2277 4367 2474 4422; x_wconf 81' lang='lat' dir='ltr'><strong>Postea</strong></span> <span class='ocrx_word' id='word_1_348' title='bbox 2510 4364 2667 4421; x_wconf 80' lang='lat' dir='ltr'><strong>etiam</strong></span> <span class='ocrx_word' id='word_1_349' title='bbox 2713 4364 2966 4421; x_wconf 81' lang='lat' dir='ltr'><strong>Blomfiel-</strong></span> 
     </span>
     <span class='ocr_line' id='line_1_44' title="bbox 757 4434 2967 4510; baseline -0.002 -18"><span class='ocrx_word' id='word_1_350' title='bbox 757 4436 875 4493; x_wconf 81' lang='lat' dir='ltr'><strong>dius</strong></span> <span class='ocrx_word' id='word_1_351' title='bbox 912 4439 1219 4507; x_wconf 57' lang='lat' dir='ltr'><strong>usquamne.</strong></span> <span class='ocrx_word' id='word_1_352' title='bbox 1288 4437 1550 4494; x_wconf 76' lang='lat' dir='ltr'><strong>Iacobsius</strong></span> <span class='ocrx_word' id='word_1_353' title='bbox 1588 4439 1728 4509; x_wconf 82' lang='lat' dir='ltr'><strong>apud</strong></span> <span class='ocrx_word' id='word_1_354' title='bbox 1758 4439 2070 4506; x_wconf 70' lang='lat' dir='ltr'><strong>Weber-un,</strong></span> <span class='ocrx_word' id='word_1_355' title='bbox 2118 4438 2433 4510; x_wconf 72' lang='grc' dir='ltr'><strong><em>κηλωθείε,</em></strong></span> <span class='ocrx_word' id='word_1_356' title='bbox 2479 4434 2712 4506; x_wconf 64' lang='grc' dir='ltr'><strong><em>νόμους</em></strong></span> <span class='ocrx_word' id='word_1_357' title='bbox 2755 4435 2967 4493; x_wconf 73' lang='grc' dir='ltr'>ἔκλυσιν</span> 
     </span>
    </p>
   </div>
   <div class='ocr_carea' id='block_1_8' title="bbox 757 4458 1408 4580">
    <p class='ocr_par' dir='ltr' id='par_1_10' title="bbox 757 4458 1408 4580">
     <span class='ocr_line' id='line_1_45' title="bbox 757 4458 1408 4580; baseline 0.013 -18"><span class='ocrx_word' id='word_1_358' title='bbox 757 4504 870 4579; x_wconf 70' lang='grc' dir='ltr'><strong>εἶχ’</strong></span> <span class='ocrx_word' id='word_1_359' title='bbox 901 4508 1015 4577; x_wconf 81' lang='lat' dir='ltr'><strong>(vel</strong></span> <span class='ocrx_word' id='word_1_360' title='bbox 1036 4458 1202 4580; x_wconf 64' lang='grc' dir='ltr'><strong><em>εὗρ’)</em></strong></span> <span class='ocrx_word' id='word_1_361' title='bbox 1227 4505 1408 4580; x_wconf 66' lang='grc' dir='ltr'><strong>ἀνίης.</strong></span> 
     </span>
    </p>
   </div>
  </div>
 </body>
</html>
