3259 5275
1021 453 1196 517 [ΑΒ.
1244 454 1318 516 ΙΙ.
1410 455 1603 519 CAP.
1652 459 1752 523 1⁰.
2383 462 2514 527 113

1337 799 1426 874 X.

353 951 477 1022 De
512 948 1230 1047 pronominibus
1281 963 1370 1024 et
1422 949 1921 1024 adverbiis
1971 976 2166 1039 cum
2219 979 2450 1045 con-

745 1062 757 1073 ’
1155 1074 1596 1143 iunctivo.

473 1209 756 1278 Dicatur
781 1233 954 1280 nunc
985 1211 1074 1280 de
1114 1213 1626 1304 pronominibus
1646 1261 1667 1296 ,
1718 1234 1799 1278 ac
1831 1212 2056 1303 primo
2106 1212 2195 1280 de
2236 1237 2500 1307 prono-

277 1313 554 1382 minibus
587 1312 667 1403 ὃς
705 1321 774 1381 et
802 1310 1024 1401 ὅςτις,
1079 1338 1254 1404 quae
1298 1316 1608 1407 plerique
1636 1314 1947 1384 videntur
1981 1316 2121 1384 sine
2167 1320 2501 1407 particula

279 1416 366 1489 ἄν
408 1417 552 1485 fere
579 1426 935 1509 poetarum
972 1417 1240 1486 cuidam
1275 1420 1583 1487 licentiae
1614 1417 1970 1486 tribuenda
1989 1470 2009 1507 ‚
2061 1443 2104 1486 a
2130 1443 2499 1512 prosa-au-

276 1531 403 1589 tem
434 1520 735 1588 oratione
766 1530 835 1588 et
865 1521 1219 1590 comoedia
1257 1521 1553 1591 arcenda
1583 1521 1982 1594 existimare.
2062 1522 2145 1593 Iu
2177 1547 2309 1614 qua
2336 1528 2500 1617 opi-

274 1623 462 1693 nione
500 1623 640 1690 hoc
679 1624 821 1691 veri
864 1625 1065 1713 inest,
1122 1627 1311 1716 quod
1353 1636 1593 1718 poetas
1653 1646 1802 1709 eoS,
1857 1627 1970 1714 qui
2004 1648 2142 1693 non
2185 1650 2498 1698 commu-

273 1750 420 1794 nem
464 1748 848 1794 sermouem
879 1728 1249 1813 imitantur,
1305 1731 1506 1798 etiam
1549 1728 1646 1796 ibi
1690 1727 2025 1795 interdum
2060 1730 2366 1800 omittere
2402 1731 2495 1804 ἄν

273 1829 602 1915 videmus,
659 1829 776 1896 ubi
805 1830 963 1898 addi
999 1842 1347 1923 potuerat3
1390 1831 1557 1899 illud
1588 1840 1811 1898 autem
1843 1832 2089 1899 falsum
2125 1843 2250 1921 est,
2305 1836 2495 1925 quod

269 1933 420 2001 nihil
469 1934 795 2002 interesse
842 1945 1115 2025 putant,
1182 1958 1309 2003 nec
1356 1936 1619 2019 vident,
1682 1957 2112 2025 quocumque
2158 1939 2305 2026 quis
2342 1938 2493 2007 stilo

269 2045 507 2123 utatur,
541 2036 740 2105 etiam
776 2035 1030 2108 debere
1051 2038 1412 2129 aliquando
1440 2039 1747 2107 omittere
1785 2039 2206 2128 particulam.
2262 2043 2496 2132 Aper-

268 2141 510 2209 tissime
534 2141 609 2208 id
638 2139 1100 2212 demonstrare
1130 2153 1412 2235 possunt
1442 2141 1617 2208 haec
1649 2139 1858 2207 verba
1885 2141 1952 2208 in
1978 2141 2206 2234 Iphig.
2235 2144 2304 2211 in
2332 2145 2490 2216 Aul.

270 2242 488 2312 1192.
521 2245 576 2312 si
618 2244 711 2311 sic
752 2244 1106 2340 legantur,
1157 2255 1233 2315 ut
1264 2269 1306 2313 a
1336 2246 1643 2314 Porsono
1688 2243 1892 2312 tacite
1936 2244 2187 2339 scripta
2219 2256 2372 2315 sunt
2404 2248 2495 2316 ad

268 2345 516 2416 Phoen.
549 2344 773 2416 1373.
838 2434 850 2447 ἱ

1094 2498 1204 2582 τίς
1234 2499 1310 2576 δὲ
1346 2496 1466 2573 καὶ
1496 2500 2031 2596 προςβλέψεται

464 2601 743 2679 παίδων
771 2597 887 2694 α’,
942 2600 1135 2680 ὅτων
1168 2604 1260 2682 ἄν
1290 2606 1750 2703 προθέμενος
1782 2597 2046 2702 κτάνῃς
2071 2597 2265 2678 τινά.

266 2757 574 2828 Alienum
609 2757 724 2827 hic
762 2757 857 2830 ἄν
891 2782 1038 2828 esse
1057 2810 1076 2846 ,
1126 2768 1315 2829 recte
1363 2759 1530 2827 vidit
1562 2758 1873 2826 Bremius
1893 2806 1914 2842 ,
1965 2758 2070 2824 vir
2115 2757 2488 2828 eruditissi-

266 2883 433 2947 mus,
503 2860 570 2928 in
622 2862 946 2953 symbolis
1007 2863 1440 2956 philologieis
1498 2862 1855 2930 Helvetiae
1903 2860 2038 2932 vol.
2097 2861 2150 2928 1.
2198 2884 2272 2953 p.
2311 2861 2484 2936 24⁰.

269 2963 381 3033 Est
410 2965 591 3033 enim
628 2966 779 3052 ille,
832 2967 1003 3034 utin
1049 2989 1329 3035 censura
1360 2967 1621 3034 illarum
1664 2963 2121 3055 symbolarum
2149 2963 2317 3053 dixi,
2372 2989 2488 3034 so-

268 3066 632 3152 loecismus,
688 3070 843 3159 quia
870 3091 1007 3136 non
1049 3069 1136 3138 de
1180 3071 1740 3161 quibuscumque,
1794 3066 1916 3136 sed
1950 3064 2040 3134 de
2070 3068 2267 3136 certis
2310 3069 2486 3138 libe-

268 3170 345 3239 ris
375 3193 602 3241 sermo
641 3182 763 3246 est.
855 3174 1032 3241 Nam
1071 3196 1281 3264 quum
1310 3173 1447 3241 hoc
1476 3172 1704 3240 dicere
1731 3170 1892 3240 velit
1922 3169 2486 3259 Clytaemnestra,

271 3275 415 3365 quis
462 3284 533 3344 te
572 3275 938 3370 adspiciet
980 3275 1378 3345 liberorum
1427 3286 1761 3363 tuorum,
1819 3294 2126 3365 quorum
2168 3274 2485 3366 aliquem

271 3379 664 3468 occideris,
718 3403 855 3448 non
897 3381 1114 3474 magis
1159 3381 1379 3472 potuit
1408 3376 1598 3451 ὅτων
1642 3377 1732 3451 ἄν
1780 3376 2043 3461 dicere,
2098 3399 2304 3466 quam
2340 3378 2484 3447 La-

269 3481 388 3551 tine
420 3482 628 3568 dicae,
684 3505 1293 3576 quorumcumque
1323 3482 1640 3574 aliquem
1682 3479 2068 3549 occideris.
2175 3480 2356 3564 Quin
2395 3505 2484 3550 ne

271 3579 443 3657 ὅτων
471 3585 751 3674 quidem
766 3609 899 3677 pro
917 3583 1015 3658 ὦν
1035 3586 1147 3654 hic
1163 3598 1349 3655 recte
1368 3585 1645 3657 dictum.
1700 3585 2078 3673 Vtrumque
2094 3582 2261 3652 vidit
2288 3586 2486 3652 etiam

269 3682 621 3774 Matthiae,
679 3712 885 3779 quem
918 3699 1143 3758 tamen
1179 3691 1424 3776 miror,
1476 3687 1665 3779 quod
1699 3688 1766 3754 in
1807 3687 1948 3773 his,
2000 3709 2176 3776 quae
2212 3688 2488 3780 linguae

270 3787 515 3881 legibus
550 3816 938 3885 repugnare
966 3795 1114 3885 ipse
1151 3793 1419 3876 fatetur,
1472 3790 1637 3882 quid
1665 3791 2043 3859 soloecismi
2075 3791 2226 3859 insit
2258 3792 2487 3859 videre

270 3913 334 3959 se
361 3906 585 3989 negat.
693 3896 1077 3989 Sophocles
1109 3898 1363 3969 Electr.
1401 3894 1576 3966 771.

1502 4042 1672 4120 οὐδὲ
1712 4039 1852 4141 γάρ
1887 4042 2114 4125 κακῶς

457 4142 818 4241 πάσχοντι
841 4156 1055 4244 μῖσος
1096 4146 1195 4226 (ὅθ
1225 4150 1392 4248 τέκῃ
1423 4149 1946 4249 προςγίγνεται.

272 4309 332 4364 et
361 4323 422 4374 ν.
459 4301 679 4375 1⁰61.

458 4455 536 4529 τί
565 4450 739 4537 τούς
773 4453 1063 4532 ἄνωθεν
1093 4448 1704 4556 φρονιμωτάτους
1732 4442 2028 4529 οἰωνοϋς

361 4555 599 4632 Hnnu.
653 4558 787 4630 01».
839 4560 957 4629 lv.
1992 4552 2067 4620 Η
