3259 5275
801 477 932 542 a
1305 477 1384 538 ΙΝ
1389 476 1893 538 cnssmmuvm
1947 475 2165 536 LIBER
2216 476 2520 538 PRIMVS.

1010 670 1132 745 111.
1237 670 1314 738 P.
1344 668 1414 744 3.
1517 668 1596 737 ln
1624 666 1730 736 his
1762 667 1985 737 verbis
2013 668 2323 760 Dionysii
2348 693 2422 761 p.
2452 666 2639 756 226,
2686 666 2759 737 7.
2811 664 3018 766 α’νδρὶ

812 768 903 872 δῆ
953 801 1118 871 περι
1158 766 1412 865 λόγους
1457 763 1941 845 ἐσπουδακότι
1990 771 2110 843 καὶ
2146 765 2539 864 σύμπαντα
2582 800 2716 846 τον
2749 772 3020 845 ἑαυτοῦ

810 879 979 973 βίον
1010 869 1529 950 α’νατεθεικότι
1566 868 1862 956 τούτοις
1899 875 2165 970 πρέποι
2210 903 2303 949 αν
2332 872 2542 969 οἶμαι
2590 882 2745 956 τοῖς
2769 868 3017 948 τοιού-

812 1009 968 1063 τοις
995 972 1236 1074 λόγοις
1262 983 1561 1072 κοσμεῖν
1604 1005 1739 1068 την
1759 971 2214 1100 πανήγυριν,
2268 980 2483 1076 τέχνῃ
2513 971 2856 1073 μετιόντι
2888 1006 3021 1051 τον

811 1079 1069 1179 λόγον,
1122 1109 1213 1164 ως
1254 1110 1358 1179 μη
1405 1108 1597 1154 κατα
1642 1108 1813 1163 τους
1862 1074 2169 1163 πολλους
2205 1083 2317 1180 εἴη
2370 1079 2577 1178 αὐτῷ
2608 1076 3019 1202 γινόμενος,

811 1187 1106 1256 afferens
1189 1209 1275 1254 ex
1340 1184 1580 1254 codice
1661 1177 2085 1278 γενόμενος,
2163 1190 2721 1278 „mrumst
2787 1184 3020 1274 inquit,

809 1292 1212 1380 „interest.‘
1192 1293 1236 1331 ‘⁶
1355 1288 1535 1358 Mihi
1578 1298 1923 1382 praestare
1973 1288 2223 1358 codicis
2270 1288 2601 1381 scriptura
2642 1287 3022 1378 videbatur,

812 1397 1004 1487 quia,
1054 1393 1180 1462 nisi
1226 1420 1337 1487 ειη
1375 1385 1765 1486 γενόμενος
1806 1392 2177 1484 scripsisset
2206 1391 2602 1483 Dionysius,
2655 1392 3022 1484 scripturus

809 1501 1045 1568 fuisset
1085 1498 1408 1593 γε’.νηται
1510 1495 1743 1564 Hodie
1787 1495 1844 1563 si
1882 1494 2046 1563 mihi
2077 1496 2402 1565 sententia
2438 1495 2527 1564 de
2563 1493 2700 1564 hoc
2729 1496 2889 1565 loco
2915 1495 3022 1563 di-

811 1602 1027 1674 cenda
1073 1608 1282 1688 esset,
1346 1609 1492 1669 tum
1546 1599 1717 1667 illud
1753 1609 2246 1692 argumentum
2309 1601 2820 1693 impugnarem,
2883 1622 3019 1689 quo

810 1701 901 1804 δη
934 1706 1286 1775 defensum
1315 1713 1450 1791 est,
1502 1725 1681 1792 quae
1717 1703 2049 1796 particula
2073 1702 2186 1770 hic
2223 1724 2362 1771 non
2386 1713 2617 1795 potest
2643 1703 2825 1789 ferri,
2877 1713 3020 1771 tum

808 1805 1083 1902 λόγοις,
1148 1807 1339 1898 quod
1381 1816 1544 1900 post
1598 1812 1753 1887 τοῖς
1810 1799 2179 1886 τοιούτοις
2225 1807 2510 1899 legitur,
2584 1816 2662 1874 ut
2695 1807 3016 1899 ineptum,

723 1919 729 1924 '
807 1913 1296 2001 manifestoque
1343 1933 1428 1979 ex
1476 1911 1860 2003 interpretis
1899 1909 2331 1979 adnotatione
2381 1919 2649 1999 natum,
2698 1910 2848 1979 tolli
2893 1909 3016 2051 de-

804 2017 973 2086 bcre
1000 2012 1497 2086 contenderem.

711 2180 811 2252 13
1015 2170 1134 2243 lv.
1218 2170 1296 2239 P.
1342 2168 1463 2240 11.
1534 2169 1819 2241 Luciani
1845 2169 2059 2240 verba
2087 2171 2282 2241 sunt
2261 2196 2332 2240 ιιι
2360 2168 2775 2242 Charidemo
2805 2192 2868 2239 c.
2896 2164 3015 2243 25.

814 2266 1000 2347 οἷλλα
1034 2272 1113 2346 τί
1134 2272 1372 2346 ταῦτα
1414 2275 1631 2369 λέγω,
1689 2272 1789 2348 ων
1815 2301 1903 2347 το
1943 2269 2197 2357 κάλλος
2229 2275 2434 2355 τέλος
2464 2273 2703 2367 ἐστι’νς
2753 2269 2855 2346 ὦν
2882 2267 3016 2366 γοῖρ

815 2380 913 2459 εἰς
973 2375 1226 2471 χρείαν
1280 2373 1551 2474 ἥκομεν
1608 2373 2047 2470 α’ναγκαίως,
2134 2405 2262 2451 ουκ
2305 2377 2748 2471 ἐλλείπομεν
2809 2372 3019 2451 οὐδὲν

815 2477 1130 2601 σπουδῆς
1178 2481 1275 2561 εἰς
1332 2477 1507 2553 ὅσον
1564 2481 1796 2564 ἔξεστι
1859 2473 2205 2554 κάλλιστα
2256 2474 2850 2567 κατασκευάζειν·
2920 2477 3021 2573 τῷ

812 2610 899 2656 τε
936 2607 1076 2678 γαρ
1123 2583 1467 2679 ,Μενέλεῳ
1511 2581 1601 2658 ου’
1639 2583 2002 2658 τοσοῦτον
2059 2586 2355 2683 ἐμέλησε
2412 2585 2539 2709 τῆς
2592 2582 2837 2682 χρείας
2878 2608 3019 2656 των

813 2688 1073 2762 οἴκων,
1139 2684 1187 2779 ἢ
1229 2683 1406 2759 ὅσον
1460 2714 1633 2767 τους
1673 2689 2206 2782 ειςερχομένους
2246 2681 2689 2810 ἐκπλήττειν.
2794 2687 2875 2756 In
2921 2686 3017 2754 his

811 2788 1220 2859 Schaeferus
1254 2788 1561 2858 deleto
1512 2819 1555 2885 η
1587 2791 1787 2859 scribi
1819 2788 2079 2858 iubet‘
2034 2818 2210 2864 οσον
2241 2791 2383 2863 τοῦ
2411 2816 2583 2873 τους
2622 2792 3019 2884 εἰςερχομέ-

810 2918 977 2973 νους
1002 2884 1442 2981 ἐκπλήττειν.
1545 2880 1877 2963 Nimirum
1907 2917 1990 2962 ea
2014 2902 2271 2963 tantum
2299 2894 2511 2963 verba
2536 2916 2713 2985 quae
2743 2892 2832 2961 de
2863 2892 3020 2960 Me-

809 2996 1009 3065 nelao
1060 3003 1213 3064 sunt
1258 2995 1832 3083 consideraverat,
1893 3019 2072 3088 quae
2106 2999 2253 3089 quis
2298 3005 2507 3091 neget
2542 2998 2637 3066 sic
2681 3004 2759 3064 ut
2808 2996 3012 3064 corri-

809 3100 912 3193 git
945 3108 1111 3191 apte
1135 3099 1553 3168 enunciatam
1586 3101 1980 3170 sententiam
2006 3101 2342 3193 praebere
2358 3101 2393 3169 ?
2450 3099 2704 3170 Verum
2733 3100 2788 3168 si
2815 3122 3022 3192 prae-
3061 3154 3066 3159 .

811 3202 1123 3272 cedentia
1166 3224 1441 3294 quoque
1483 3204 1968 3297 respiciuntur,
2023 3204 2227 3298 (ideo
2268 3227 2353 3273 ea
2387 3204 2728 3296 apposui)
2769 3201 3021 3294 aliquid

809 3306 1335 3376 inconcinnitatis
1364 3317 1669 3400 apparet.
1772 3309 1955 3377 Nam
1985 3308 2041 3379 si
2067 3331 2148 3376 ea
2163 3358 2183 3396 ,
2229 3330 2407 3398 quae
2433 3306 2524 3375 ad
2561 3329 2756 3376 usum
2781 3330 3022 3376 neces-

811 3410 984 3478 saria
1016 3418 1171 3478 sunt
1186 3457 1207 3493 ‚
1260 3418 1339 3479 ut
1367 3411 1609 3502 pulcra
1655 3411 1787 3481 sint
1837 3434 2182 3500 curamus,
2234 3421 2463 3480 manet
2501 3411 2649 3479 usui
2674 3432 2875 3479 suum
2899 3411 3018 3498 ius,

810 3521 887 3581 ut
912 3513 1314 3585 necessario.
1417 3514 1531 3582 Ex·
1558 3537 1698 3605 quo
1727 3516 2193 3607 consequitur,
2246 3514 2449 3584 etiam
2479 3516 2596 3605 qui
2625 3514 2821 3583 unice
2844 3536 3018 3608 gan-

812 3615 972 3685 deat
1007 3613 1361 3709 splendida
1399 3617 1641 3704 domo,
1691 3641 1828 3686 non
1863 3618 2225 3687 dicendum
2268 3641 2416 3687 esse
2463 3639 2657 3687 usum
2690 3639 2827 3686 non
2857 3617 3020 3685 tanti

809 3720 1043 3808 quanti
1081 3718 1548 3812 splendorem,
1600 3720 1725 3790 sed
1773 3745 1909 3790 non
1958 3722 2167 3815 pluris
2210 3723 2458 3790 facere.
2573 3718 2772 3790 Haec
2815 3722 3019 3815 igitur

765 3894 772 3901 ,
808 3820 1282 3891 inconcinnitas
1298 3873 1319 3909 ,
1399 3824 1456 3892 si
1511 3824 1920 3918 corrigenda
1976 3835 2198 3894 essent
2249 3826 2495 3910 verba,
2562 3824 2798 3893 saltem
2844 3846 3017 3914 quo-

806 3924 1019 4097 :inodo
1000 3927 1577 4098 fuiinte1·pretando
1640 3930 1972 3998 removeri
2016 3938 2279 4022 posset,
2344 3928 2609 3999 videtur
2657 3927 3018 3997 ostenden-

860 4051 974 4097 um
1101 4051 1230 4104 sse.

1014 4180 1099 4252 V.
1203 4179 1439 4257 1².12.
1490 4183 1656 4252 ima.
1722 4180 2569 4278 ,,8ιοῦις1”ι·αΡ.25-1.υ.
2607 4180 2677 4250 4.
2730 4179 3017 4254 natab-

809 4285 1052 4356 undat
1102 4294 1276 4356 ante
1309 4310 1510 4380 παρα
1556 4287 1877 4409 σεαυτῷι
1925 4311 2005 4381 Ρ.
2056 4287 2233 4364 235.
2281 4312 2346 4357 v.
2390 4287 2462 4357 4.
2518 4295 2693 4355 ante
2739 4278 3018 4380 πατῆρε

747 4372 878 4481 ’.Ρ
912 4387 1089 4463 240.
1118 4412 1182 4458 υ.
1221 4387 1342 4458 13.
1379 4399 1554 4459 ante
1581 4383 1729 4462 ὑπο
1762 4390 1976 4465 θεῶν.
1993 4395 2037 4432 “
2140 4393 2235 4462 At
2273 4391 2437 4460 nihil
2479 4412 2764 4480 usquam
2801 4388 3014 4455 abun-

810 4491 974 4561 dare
988 4544 1010 4579 ,
1059 4494 1204 4563 iure
1218 4543 1240 4583 ‚
1291 4501 1370 4563 ut
1408 4494 1698 4563 arbitror
1713 4544 1735 4580 ,
1791 4494 2125 4568 contendi.
2233 4496 2412 4562 Nam
2449 4502 2566 4563 aut
2614 4500 3010 4586 potestatem
