3259 5275
1078 531 1251 594 LIB.
1305 532 1382 596 11.
1471 532 1662 594 cAP.
1705 536 1768 598 4.
2433 534 2521 596 89

295 732 426 794 net.
528 724 687 793 Non
716 723 894 793 enim
918 724 1016 792 illi
1051 723 1425 793 deliberant
1442 776 1463 813 ‚
1515 723 1640 792 sed
1665 745 1812 794 nos,
1916 718 2155 792 Omnis
2185 723 2361 791 enim
2391 723 2517 792 de-

293 827 599 897 liberatio
638 851 723 896 eo
747 828 991 917 tendit,
1048 838 1125 896 ιιι
1155 829 1209 896 is
1243 828 1428 920 ipse,
1479 828 1597 918 qui
1624 827 1988 911 deliberat,
2043 827 2270 918 capiat
2293 829 2515 896 consi-

290 932 471 1000 lium.
583 931 721 1017 Qui
760 932 815 1000 si
867 932 1031 1001 alios
1062 930 1201 999 hoc
1228 931 1477 1019 verbo,
1511 954 1667 1023 ‚quo
1713 954 1861 999 sese
1898 930 2276 999 deliberare
2304 931 2517 1023 signi-

288 1036 467 1123 ficat,
524 1036 906 1125 alloquitur,
953 1044 1212 1103 tantum
1244 1036 1437 1103 abest
1459 1045 1534 1102 ut
1573 1058 1690 1102 eos
1727 1034 1818 1101 ad
1847 1033 2233 1102 faciendum
2266 1034 2516 1103 exhor-

288 1148 465 1207 tetur
480 1188 534 1226 ,.
554 1148 632 1207 ιιι
658 1139 958 1207 nondum
986 1162 1073 1208 an
1105 1162 1223 1207 eos
1262 1138 1597 1207 exhortari
1635 1137 1884 1206 debeat
1915 1138 2041 1206 sibi
2075 1148 2381 1207 constare
2409 1139 2515 1206 in'-

288 1241 490 1312 dicet.
559 1241 705 1310 Fac
733 1243 910 1311 enim
937 1243 1263 1332 aliquem,
1317 1242 1434 1331 qui
1459 1243 1624 1310 alios
1653 1242 1751 1310 ire
1778 1242 1960 1328 velit,
2013 1241 2241 1311 dicere
2276 1244 2480 1315 ἴωσιν
2499 1265 2513 1280 ·

288 1344 455 1436 quid
487 1344 671 1413 dicet
713 1345 930 1431 aliud,
983 1368 1226 1436 quam,
1280 1368 1426 1438 ego
1470 1344 1797 1414 delibero
1844 1369 1945 1414 an
1990 1344 2159 1413 illos
2202 1344 2516 1431 mittam,

285 1450 326 1517 i.
361 1472 422 1517 e.
470 1450 780 1542 πέμψως
828 1450 923 1519 Αι
958 1472 1122 1518 ιιιιιιι
1160 1451 1254 1517 ita
1294 1449 1424 1517 hos
1456 1449 1717 1518 iusserit
1756 1449 1853 1516 ire
1875 1449 1911 1516 ?
1962 1447 2267 1517 Minime.
2372 1448 2519 1517 Sed

287 1552 375 1621 (le
407 1554 681 1643 seipso
723 1553 777 1620 si
819 1552 980 1620 dicit
1015 1556 1140 1637 ἴω,
1193 1562 1310 1621 aut
1356 1552 1446 1621 de
1486 1553 1602 1639 iis,
1656 1574 1943 1642 quorum
1980 1553 2128 1643 ipse
2176 1573 2343 1619 unus
2394 1562 2519 1636 est,

289 1657 517 1747 ἴωμεν
541 1702 563 1739 ,
613 1664 801 1724 recte
831 1655 1014 1724 dicet
1053 1656 1260 1742 illud,
1313 1656 1472 1743 quia
1504 1657 1570 1724 in
1611 1656 1818 1747 ipsius
1850 1656 2191 1722 voluntate
2219 1657 2519 1747 positum

288 1769 428 1849 oet,
486 1759 765 1848 exsequi
797 1759 901 1846 id,
955 1758 1043 1827 de
1075 1783 1213 1849 quo
1251 1754 1597 1828 deliberat.
1703 1760 1944 1848 anue
1986 1782 2063 1825 re
2101 1759 2355 1826 factum
2396 1768 2517 1842 est,

287 1870 362 1929 ut
392 1862 858 1949 coniunctivae
889 1863 1000 1930 ille
1034 1862 1506 1932 deliberativus
1524 1915 1544 1949 ,
1595 1863 1715 1931 ubi
1738 1863 1998 1954 primae
2030 1884 2364 1953 personae
2395 1873 2518 1950 est,

285 1965 377 2033 ita
427 1965 742 2057 usurpari
795 1967 1045 2057 possit,
1125 1976 1201 2035 ut
1245 1969 1381 2034 vim
1439 1965 1697 2034 habere
1751 1965 2059 2033 videatur
2099 1965 2518 2053 exhortandi,

288 2091 494 2159 quam
527 2091 766 2136 revera
808 2091 945 2137 non
974 2070 1188 2138 inesse
1216 2071 1285 2137 in
1313 2093 1432 2155 eo,
1487 2069 1611 2137 sed
1647 2071 1932 2161 proprie
1977 2068 2141 2136 nihil
2172 2070 2294 2137 nisi
2340 2069 2516 2138 deli-

285 2171 708 2240 berationem
748 2174 1105 2258 contineri,
1169 2173 1337 2241 illud
1388 2171 1709 2259 ostendit,
1766 2171 1953 2262 quod
1998 2195 2207 2263 saepe
2263 2171 2516 2240 cohor-

287 2273 474 2343 tandi
523 2275 807 2343 verbum
860 2275 1199 2344 adiicitur:
1263 2285 1338 2343 ιιι
1385 2272 1563 2372 ,φέρ’
1612 2277 1778 2362 ἴδω,
1830 2283 1897 2343 et
1952 2275 2082 2343 alia
2126 2275 2515 2346 huiusmodi

287 2378 583 2470 plurima
617 2378 803 2471 apud
819 2379 1344 2472 Aristophanem
1359 2379 1683 2471 aliosque.
1714 2378 2097 2449 Homerus.

392 2546 561 2625 οἶλλ
598 2548 729 2644 ἄγε
763 2544 854 2647 δη
880 2578 978 2624 τα
1010 2545 1305 2651 χρήματ
1321 2545 1765 2651 ’ἀριθμήσω
1799 2551 1922 2625 καὶ
1953 2554 2239 2646 ἴδωμαι.

390 2650 558 2731 α’λλ
584 2652 716 2750 ἄγε
744 2648 836 2752 δή
865 2658 1186 2749 στέωμεν
1217 2684 1339 2729 naa
1365 2652 1838 2750 ἀλεξώμεσθα
1865 2658 2232 2751 μένοντες.

291 2825 371 2896 ld
409 2850 585 2922 ergo
630 2828 950 2896 omissum
992 2827 1218 2921 potius
1258 2827 1675 2897 censendum
1714 2838 1848 2916 est,
1899 2828 2019 2896 ubi
2048 2828 2228 2896 solus
2256 2831 2518 2921 positus

294 2941 391 3000 est
422 2931 902 3017 coniunctivuS,
955 2954 1161 3022 quam
1184 2931 1298 3000 hic
1325 2933 1663 3025 putandus
1689 2954 1927 3001 revera
1955 2921 2351 2999 exhortandi
2380 2955 2521 3053 po-

293 3044 605 3103 testatem
667 3034 943 3103 habere.
1047 3037 1271 3105 Rarus
1319 3034 1494 3103 hic
1476 3059 1547 3103 ιιι
1585 3036 1934 3129 singularis
1980 3036 2241 3102 numeri
2294 3037 2519 3132 prima

293 3160 588 3229 persona
620 3138 1075 3207 coniunctivus
1106 3148 1244 3227 est,
1297 3161 1435 3209 non
1468 3138 1703 3208 addito
1737 3140 1915 3238 φέρε
1957 3147 2073 3207 aut
2116 3165 2264 3233 αγε.
2366 3139 2517 3210 Ειι-

293 3241 541 3336 ripides
572 3242 850 3315 Heracl.
878 3237 1054 3310 558.
1167 3297 1174 3306 .

392 3438 644 3507 σαφως
669 3405 1010 3493 κελεύεις·
1060 3405 1170 3509 μή
1202 3413 1456 3511 τρέσης
1486 3405 1911 3508 μιάσματος

388 3510 689 3608 τουμοῦ
711 3520 1147 3609 μετασχεῖν,
1202 3512 1366 3590 ἀλλ
1393 3518 1790 3615 ἐλευθέρως
1816 3509 2048 3591 θάνω.

295 3687 380 3757 Vt
419 3709 559 3756 non
605 3710 754 3756 esse
798 3687 1139 3778 videatur,
1196 3711 1409 3779 quare
1455 3690 1802 3785 παρέλθω
1846 3681 2178 3781 δόμους
2158 3710 2229 3756 ιιι
2262 3686 2522 3759 Medea

291 3785 620 3861 v.1275.
671 3813 829 3859 cum
873 3793 1198 3862 Elmsleio
1218 3839 1239 3877 ‚
1292 3792 1403 3861 cui
1439 3792 1495 3860 is
1530 3799 1634 3860 est
1675 3816 1739 3862 v.
1780 3790 2005 3859 1242.
2041 3792 2524 3884 interrogative

293 3893 547 3963 (lienam
572 3904 869 3988 putetur.
972 3897 1226 3965 Rarius
1262 3895 1498 3982 etiam,
1548 3895 1784 3963 addito
1816 3893 2092 3987 quidem
2119 3896 2337 3989 φέρε,
2391 3895 2523 3964 alia

291 4020 584 4171 Ἥ
633 3998 705 4068 in
758 3999 1022 4094 primae
1073 4001 1305 4071 locum
1360 3999 1809 4087 substituitur,
1884 4007 1962 4068 ut
2010 3998 2085 4067 in
2140 3997 2521 4068 Philocteta

294 4123 338 4170 v

393 4269 566 4372 φέρ
585 4323 608 4365 ,
665 4300 722 4345 ω
759 4275 1012 4350 τέκνον
1034 4324 1054 4357 ,
1109 4273 1241 4350 νῦν
1274 4273 1398 4348 καὶ
1429 4302 1520 4349 το
1558 4274 1686 4372 τῆς
1713 4268 1938 4373 νήσου
1970 4269 2240 4370 μάθῃς.

300 4442 711 4516 Correctoris
743 4455 846 4516 est
865 4440 1076 4541 μάθε
1113 4447 1186 4515 in
1211 4448 1365 4516 cod.
1395 4446 1568 4516 Ven.
1673 4446 1923 4516 Sensus
1950 4454 2051 4515 est
2077 4444 2289 4532 enim,
2343 4447 2521 4544 φέρε

303 4551 466 4624 εἴπω
499 4551 636 4627 νῦν
668 4545 774 4625 vo?
819 4550 948 4646 τῆς
992 4544 1239 4648 νήσου.
1348 4549 1714 4622 Caeterum
1750 4559 1948 4643 patet
1988 4547 2102 4616 hic
2140 4570 2296 4617 usus
2348 4571 2519 4619 con-
