3259 5275
755 469 846 535 ,Β
1428 461 1545 526 DE
1619 462 2169 538 Manena
2209 438 2313 528 ’ἂν

1824 811 1911 881 X.

899 965 1039 1037 De
1088 962 1440 1040 ἅνόιιηι
1485 962 1997 1036 indicativo
2047 962 2140 1033 in
2178 986 2279 1036 re
2324 966 2827 1064 nonsacta.

957 1136 1424 1229 Explicuimns
1487 1135 1826 1205 indicativi
1879 1158 2034 1204 cnm
2084 1138 2413 1229 particula
2478 1138 2572 1212 ἄν
2621 1138 2975 1208 consocia-

752 1244 1003 1312 tionem
1071 1263 1257 1328 eam‚
1330 1262 1510 1329 quae
1574 1239 1764 1329 qnod
1814 1240 2133 1332 impletae
2185 1242 2577 1311 conditionis
2633 1243 2979 1311 notionem

756 1347 1084 1430 continet,
1156 1342 1246 1412 ad
1295 1366 1444 1412 rem
1493 1343 1743 1411 factam
1793 1344 2102 1417 refertur.
2206 1346 2405 1413 Nunc
2464 1347 2821 1415 dicendum
2875 1355 2980 1414 est

753 1450 842 1519 de
908 1450 1120 1517 altero
1168 1470 1458 1539 genere,
1538 1446 1726 1536 quod
1790 1448 2107 1536 quoniam
2169 1447 2260 1516 ad
2327 1449 2773 1518 conditionem
2834 1472 2975 1517 non

748 1554 1101 1647 impletam
1151 1559 1446 1643 spectat,
1497 1549 1588 1618 ad
1638 1573 1820 1639 rem,
1872 1573 2048 1640 qnae
2100 1574 2240 1619 non
2288 1561 2389 1620 est
2427 1553 2641 1641 facta,
2708 1553 2975 1621 refera-

747 1668 860 1727 tur
908 1678 1189 1725 necesse
1239 1663 1361 1726 est.
1468 1653 1822 1746 Significat
1862 1654 2038 1722 enim
2086 1653 2181 1745 id,
2229 1655 2416 1744 qnod
2467 1657 2682 1743 fieret,
2734 1657 2789 1725 si
2838 1657 2975 1724 im—

746 1763 937 1854 pleta
987 1767 1165 1828 esset
1216 1755 1550 1840 conditio,
1635 1778 1775 1824 non
1825 1757 1905 1824 fit
1941 1766 2208 1844 autem,
2249 1759 2449 1847 'qnia
2498 1783 2633 1828 non
2687 1769 2789 1827 est
2837 1760 2975 1827 im-

744 1865 954 1957 pleta.
1060 1862 1218 1929 Hoc
1268 1881 1485 1952 genus
1539 1881 1660 1926 cnr
1707 1858 2090 1950 imperfecti
2137 1869 2396 1928 tantum
2448 1872 2518 1929 et
2567 1864 2976 1956 plusquam-

746 1966 1039 2060 perfecti
1086 1972 1155 2032 et
1203 1962 1428 2030 aoristi
1478 1962 1834 2055 proprium
1886 1963 2002 2050 sit,
2057 1985 2263 2056 supra
2315 1964 2601 2052 dictum,
2653 1989 2805 2058 cap.
2847 1965 2971 2039 Ἦ.

742 2069 1227 2157 monitumque,
1279 2065 1334 2133 si
1386 2066 1586 2134 aliam
1636 2066 1774 2133 vim
1821 2064 2079 2135 habere
2128 2066 2456 2151 videatur,
2520 2092 2724 2171 quam
2773 2070 2844 2137 in
2891 2091 2974 2138 re

743 2175 963 2258 facta,
1030 2170 1103 2239 id
1153 2168 1366 2238 videri
1408 2167 1914 2255 tantummodo,
1979 2193 2117 2238 non
2169 2194 2350 2259 esse,
2412 2172 2570 2261 quia
2637 2171 2970 2240 differen-

741 2280 836 2348 tia
887 2274 1100 2345 omnis
1151 2295 1293 2341 non
1341 2272 1410 2339 in
1457 2270 1819 2340 indicativo
1873 2281 1943 2340 et
2000 2274 2372 2366 particula,
2457 2274 2579 2343 sed
2630 2277 2699 2342 in
2749 2298 2834 2344 eo
2886 2275 2974 2344 sit

739 2380 996 2475 posita,
1056 2384 1280 2445 utrum
1330 2373 1419 2443 de
1455 2374 1752 2466 -impleta
1801 2397 1888 2443 an
1940 2374 2029 2443 de
2079 2399 2219 2444 non
2266 2376 2549 2469 impleta
2588 2378 2972 2448 conditione

668 2499 689 2512 ·
742 2485 827 2553 sit
878 2477 1338 2573 cogitandum.
1445 2476 1679 2562 Quare
1729 2478 1847 2545 nbi
1895 2500 2119 2568 neque
2170 2479 2435 2549 adiecta
2499 2490 2602 2550 est
2667 2480 2970 2551 conditio
2997 2555 3014 2562 ⁷,

740 2608 882 2657 non
930 2581 1249 2675 impleta,
1315 2603 1540 2673 neque
1599 2589 1889 2674 apparet
1949 2581 2468 2675 intelligendane
2520 2586 2606 2653 sit
2654 2608 2741 2655 an
2803 2583 2966 2676 non,

740 2689 838 2759 ibi
884 2686 1159 2781 prorsus
1212 2686 1610 2779 ambiguum
1661 2692 1908 2772 manet,
1968 2687 2315 2775 quomodo
2366 2687 2577 2756 verba
2624 2689 2967 2780 interpre-

738 2793 867 2862 tari
917 2790 1194 2863 debeas,
1294 2789 1391 2859 Vt
1437 2788 1625 2881 apud
1673 2788 2202 2881 Aristophanem
2252 2791 2321 2858 in
2370 2792 2586 2861 Pace:
2640 2790 2869 2865 1198.

945 2957 1005 3037 ὦ
1057 2952 1394 3054 φίλτατ’,
1450 2952 1509 3032 ὦ
1566 2940 1908 3055 Τρυγαΐ,
1962 2954 2082 3032 δυ’
2132 2956 2323 3055 ἡμᾶς
2369 2953 2676 3053 vairam?

945 3066 1326 3160 δέδρακας,
1377 3054 1669 3157 εἰρήνην
1726 3054 2064 3158 ποιήσας·
2107 3061 2197 3144 ὥς
2246 3064 2535 3160 προτοῦ

947 3163 1178 3248 οὐδεὶς
1229 3161 1526 3265 ἐπρίατ’
1577 3163 1674 3239 ἄν
1736 3166 2095 3263 δρέπανον
2146 3162 2317 3240 οὐδὲ
2367 3159 2739 3261 κολλύβοὺ.

734 3339 1031 3412 Perinde
1083 3345 1218 3424 est,
1290 3335 1431 3405 sive
1479 3343 1702 3404 vertas
1722 3386 1744 3422 ‚
1833 3344 2059 3406 antea
2119 3357 2329 3406 nemo
2371 3335 2618 3429 facile
2671 3335 2964 3410 emebat

714 3444 1014 3541 falcem
1065 3437 1384 3532 collybo,
1445 3439 1584 3509 sive
1637 3439 1857 3528 dicae,
1923 3461 2134 3509 nemo
2187 3440 2518 3511 emisset.-
2585 3440 2641 3510 si
2706 3443 2964 3512 scilicet

733 3548 984 3619 venalis
1035 3545 1289 3615 fuisset.

935 3648 1303 3717 Videamus
1339 3645 1478 3714 iam
1510 3668 1711 3715 usum
1744 3646 1993 3738 ipsum.
2059 3644 2156 3713 Et
2186 3644 2410 3739 primo
2453 3646 2728 3736 quidem
2768 3649 2960 3741 apud

733 3755 990 3849 epicos·
1040 3751 1381 3821 Homerus
1435 3746 1574 3821 od.
1626 3756 1701 3843 ῥ’.
1756 3748 1931 3842 184.

1351 3913 1482 3994 οὐκ
1535 3915 1628 3992 ἄν
1678 3911 1912 3993 ’τόσσα
1962 3917 2438 4018 θεοπροπέων
2489 3913 2851 4021 ἀγόρευες.

736 4094 907 4168 Non
952 4092 1265 4165 'diceres-
1314 4090 1411 4160 Et
1459 4117 1518 4165 ε.
1572 4087 1696 4164 39.

933 4259 1171 4357 πόλλ’,
1216 4258 1335 4337 ὅθ’
1388 4261 1481 4337 ἂν
1527 4255 1874 4336 οὐδέποτ’
1912 4263 1988 4335 ἐκ
2043 4256 2300 4384 Τρριής
2347 4253 2639 4359 ἐξήρατ’
2687 4258 2956 4338 Ὀδυσ-

938 4473 1139 4571 εἴπερ
1191 4462 1499 4569 ἀπήμων
1549 4461 1770 4564 ἦλθε,
1819 4390 2261 4561 λαχῶνσῗπξὲ
2306 4469 2548 4564 ληΐδος
2597 4461 2834 4544 αἶσαν.
