3259 5275
804 508 934 573 m
1302 501 1386 566 IN
1389 497 1897 564 cnssnmmvm
1934 497 2166 561 LIBER
2208 496 2514 566 PRIMVS.

696 767 707 776 ,
803 716 953 764 sum
980 714 1127 762 esse
1141 740 1164 779 ,
1214 712 1418 790 quiam
1452 690 1858 783 quibusdam
1891 688 2330 760 commodum
2373 695 2539 758 erat.
2643 686 2837 784 Opto
2873 715 3010 786 ego

800 796 1084 888 quidem
1122 802 1196 863 ut
1238 794 1439 863 liceat
1471 792 1610 863 hoe
1652 816 1830 886 opus
1859 793 2250 863 inchoatum
2284 793 2694 884 relinquere·
2748 796 2851 864 sin
2877 798 3010 865 mi-

686 909 968 988 fnus,
1018 898 1359 968 nonmeis
1405 898 1573 967 mihi
1616 898 2006 967 ullisarmis
2052 919 2229 990 opus
2274 898 2443 986 erit,
2499 905 2576 966 ut
2623 920 2789 966 vera
2839 922 3010 988 esse,

800 1025 977 1095 quae
1026 1001 1279 1070 utinam
1329 1023 1419 1071 ne
1478 1010 1733 1090 essent,
1798 1001 2123 1071 evincam.
2239 999 2673 1092 Quamquam
2734 1004 3006 1095 praevi-

798 1106 968 1190 deo,
1015 1127 1154 1173 non
1190 1112 1347 1173 ante
1392 1104 1496 1173 his
1538 1105 1743 1174 rebus
1783 1105 1992 1173 finem
2033 1105 2306 1174 allatum
2346 1104 2424 1172 iri
2439 1152 2461 1188 ,
2524 1127 2731 1195 quam
2772 1129 3008 1196 quum,

796 1208 987 1300 quod
1031 1205 1291 1277 dudum
1324 1208 1435 1276 alii
1475 1230 1711 1278 omnes
1756 1207 2100 1297 viderunt,
2155 1208 2356 1276 etiam
2387 1208 2501 1276 ille
2515 1255 2537 1292 ‚
2589 1210 2707 1298 qui
2748 1211 3007 1301 primns

794 1310 1328 1381 animadvertere
1359 1311 1691 1399 debebat,
1739 1311 2173 1398 intellexerit,
2226 1333 2361 1380 non
2403 1311 2610 1380 alium
2653 1311 3007 1386 hominem

791 1416 1039 1506 ullum,
1090 1413 1217 1484 sed
1259 1414 1477 1484 solnm
1508 1438 1582 1485 se
1626 1416 1887 1507 ipsum,
1937 1426 2014 1482 ut
2049 1414 2117 1481 in
2145 1414 2567 1506 praefatione
2594 1415 2709 1484 illa
2745 1418 3003 1510 scripsi,

790 1518 1016 1588 famae
1049 1541 1211 1588 suae
1241 1517 1508 1588 hostem
1537 1519 1882 1588 exstitisse.
1987 1517 2227 1587 Tristis
2258 1517 2372 1586 hic
2398 1517 2609 1587 exitus
2636 1526 2740 1589 est
2753 1568 2777 1605 ,
2830 1544 3004 1610 qua·

788 1645 928 1713 qua
953 1622 1045 1698 ,ad
1073 1644 1230 1691 enm
1259 1621 1369 1689 via
1391 1623 1857 1715 perveniatur,
1903 1620 2027 1691 sed
2041 1670 2064 1711 ‚
2103 1620 2264 1712 quia
2292 1620 2539 1692 eodem
2566 1621 2824 1695 ducunt
2848 1646 3000 1696 om-

786 1749 907 1798 nes
921 1775 947 1821 ,
997 1724 1409 1798 inevitabilis.
