3259 5275
968 531 1136 596 LIB.
1185 533 1290 595 111.
1381 532 1578 595 GAP.
1621 539 1685 600 4.
2334 542 2464 607 149

246 721 392 791 Nec
417 718 596 819 δοκῇ
617 720 1013 851 scripserim
1031 745 1187 791 cum
1230 723 1314 793 L.
1360 724 1766 793 Dindorfio
1747 748 1817 792 m
1853 723 2153 797 eiusdem
2191 725 2340 795 libri
2371 728 2455 797 11.

246 822 599 906 11.ὅπως
629 824 707 898 δὲ
730 823 911 925 μηδ’
939 829 1013 900 εἰ
1034 824 1078 899 o‘
1119 820 1566 919 παιδονόμος
1601 823 1940 914 ἀπέλθοι,
1993 827 2256 951 ἔρημοί
2278 856 2461 904 ποτε

240 934 313 1001 οἱ
341 929 595 1009 παῐδες
626 924 773 1002 εἷεν
811 926 1200 1025 ἄρχοντος,
1273 930 1562 1026 ἐποίησε
1603 924 1740 1004 τὸν
1788 925 1904 1002 ἀει
1939 924 2275 1057 παρᾷντα
2313 959 2460 1004 των

236 1031 562 1103 πολιτῶν
602 1057 857 1128 κυριον
903 1029 1092 1104 εἶναι
1123 1032 1241 1105 καὶ
1276 1026 1697 1108 ἐπιτάττειν
1724 1039 1878 1115 τοῖς
1904 1059 2151 1107 παισιν
2185 1031 2232 1108 ὅ
2260 1062 2335 1107 τι
2366 1033 2460 1108 ἀν

236 1128 533 1227 ἀγαθόν
568 1133 812 1229 δοκοιή
842 1130 1051 1208 εἶναι.

444 1236 697 1304 Parum
725 1236 928 1306 docta
960 1247 1063 1306 est
1091 1237 1406 1307 Thomae
1433 1237 1538 1333 M.
1560 1236 1906 1307 adnotatio
1940 1262 2011 1358 p.
2051 1236 2223 1310 267.
2258 1234 2352 1311 το“
2381 1241 2455 1312 δὲ

237 1334 404 1428 ἐάν,
459 1332 556 1412 τό
584 1366 677 1412 αν
688 1393 716 1428 ,
758 1334 851 1413 τό
885 1335 1196 1430 κάν,τό
1229 1339 1339 1438 ἦν,
1391 1340 1509 1413 καὶ
1554 1334 1649 1413 w*
1683 1337 1866 1413 ὅταν
1911 1339 2027 1414 ἀει
2055 1335 2251 1433 μετά
2280 1339 2455 1414 ὐπο-

237 1441 593 1516 τακτικοῦ
617 1436 822 1537 παρά
853 1449 1006 1523 τοῖς
1049 1440 1623 1539 ἀκριβεστάτοις.
1681 1446 1752 1516 εἰ
1793 1437 1934 1540 γάρ
1987 1471 2108 1517 και
2163 1442 2452 1541 εὕρηται

237 1543 425 1629 ἅπαξ
442 1572 644 1638 παρα
634 1539 1125 1667 Θουκυδι’δῃ’
1091 1573 1166 1619 εν
1185 1546 1278 1642 τῇ
1295 1545 1535 1643 τρίτῃ,
1567 1545 1656 1642 ἤν
1674 1573 1754 1619 τε
1773 1573 1887 1616 και
1904 1548 2185 1637 ἔχοντές
2201 1575 2275 1619 τι
2292 1556 2453 1640 ξυγ-

236 1642 512 1745 γνώμης
540 1643 705 1733 εἷεν,
760 1676 876 1721 και
900 1642 1104 1769 παρά
1126 1650 1583 1742 Λουκιανῷ*
1546 1676 1624 1722 εν
1652 1654 1805 1728 τοῖς
1830 1643 2278 1745 Αληθινοῖς,
2324 1644 2452 1724 ἐαν

233 1749 778 1845 καταχθεῖημεν
808 1779 905 1831 εις
931 1745 1060 1830 τάς
1089 1745 1373 1847 νήσους,
1427 1751 1548 1823 και
1574 1747 1845 1832 αὖθις’
1810 1779 1885 1825 εν
1912 1780 2014 1846 τῳ
1987 1750 2234 1824 Βίων
2256 1750 2454 1871 πρά-

235 1880 405 1942 σεις,
457 1881 581 1926 και
604 1853 842 1926 ταῦτα
871 1852 957 1943 ἢν
979 1848 1389 1951 ἐθελήσειεν
1420 1848 1844 1928 ἀποδόσθαι
1865 1850 2140 1939 οὑτοσί,
2169 1850 2332 1926 ἀλλ’
2365 1850 2454 1928 οὗ

234 1959 342 2030 δεῖ
353 1955 608 2054 ζηλοῦν
633 1949 725 2029 τό
754 1954 945 2039 ἅπαξ
967 1958 1215 2054 ρηθέν.
1287 1958 1508 2026 Nam
1488 1980 1557 2024 m
1584 1958 1961 2050 posteriore
1987 1957 2270 2026 Luciani
2298 1958 2452 2026 loco

233 2059 564 2151 corruptis
604 2058 788 2128 libris
836 2082 995 2128 usus
1039 2068 1157 2128 est.
1259 2061 1481 2129 Recte
1512 2061 1764 2153 legitur
1792 2059 2061 2128 hodie
2043 2083 2113 2127 m
2152 2059 2454 2128 vitarum

229 2161 542 2232 auctione
584 2185 643 2230 c.
677 2161 798 2230 11.
855 2162 944 2231 Τ.
979 2162 1038 2236 1
1088 2185 1162 2254 Ρ.
1195 2160 1369 2234 551.
1419 2157 1705 2255 ναύτης
1716 2158 1787 2236 δ’
1817 2161 1909 2235 ἀν
1944 2164 2106 2242 ἴσως
2139 2160 2186 2256 ἢ
2210 2188 2452 2285 κηπω-

232 2260 350 2363 <vde
379 2269 460 2339 ἐν
472 2264 723 2393 καιρῷ
749 2266 1025 2358 γένοιο·
1086 2266 1207 2337 καὶ
1236 2265 1503 2347 ταῦτα,
1554 2264 1644 2361 ἢν
1679 2266 1893 2361 εθέλῃ
1915 2290 1994 2338 σε
2029 2258 2451 2337 ἀποδόσθαι

232 2366 487 2441 οὗτοσι
543 2361 638 2441 w*
677 2369 1030 2459 μέγιστον
1072 2361 1194 2441 δύ
1232 2365 1538 2461 ὀβολοῖν.
1637 2368 1715 2435 In
1757 2368 1968 2437 altero
2011 2377 2234 2435 autem
2273 2368 2451 2453 loco,

228 2471 451 2540 Verae
481 2471 633 2539 hist.
670 2470 762 2544 11
792 2468 911 2539 29.
966 2472 1089 2540 etsi
1117 2469 1327 2539 hodie
1361 2472 1689 2562 scriptum
1714 2470 2091 2540 videmus‘
2052 2466 2153 2543 ιν“
2185 2474 2249 2542 εἰ
2262 2525 2290 2560 ,
2342 2481 2450 2539 ta-

224 2599 381 2645 meu
418 2583 600 2644 recte
634 2596 709 2643 se
757 2573 998 2663 habet,
1051 2572 1242 2666 quod
1285 2575 1619 2667 praebent
1665 2573 1867 2644 codd.
1915 2573 2111 2648 Gorl.
2160 2582 2230 2643 et
2267 2574 2448 2668 Aug.

224 2675 324 2751 ἵν
357 2671 448 2753 ἑά
453 2705 517 2769 ν,
570 2679 969 2747 conveniens
1001 2678 1289 2747 orationi
1318 2679 1654 2770 obliquae.
1757 2677 1989 2747 Verba
2017 2687 2205 2747 sunt.
2244 2681 2447 2752 συνέ-

222 2801 474 2876 πεμψε
521 2782 608 2856 δι’
642 2807 777 2874 μοι
814 2778 857 2853 6
880 2774 1412 2875 Ῥαδάμανθυς
1456 2775 1589 2854 τόν
1629 2781 1979 2879 πορθμέα
2031 2774 2446 2871 Ναύπλιον,

224 2880 322 2957 ἴν
335 2933 358 2968 ,
418 2877 549 2958 ἑάν
583 2883 1125 2982 καταχθείημεν
1167 2911 1236 2965 ες
1270 2879 1401 2964 τάς
1434 2877 1726 2981 νήσους
1778 2885 2023 2984 μηδεὶς
2064 2882 2251 2980 ἡμᾶς
2284 2888 2446 2958 συλ-

221 2980 465 3082 λάβοι.
573 2987 732 3072 Quo
780 2997 989 3080 pacto
1027 2988 1213 3056 idem
1259 2989 1577 3077 loquutus
1626 2996 1728 3056 est
1767 2988 1837 3055 in
1876 2987 2170 3056 Timone
2218 3010 2277 3055 c.
2323 2985 2443 3056 39.

221 3089 496 3183 T.1.p.
527 3088 703 3164 151.
754 3089 832 3163 τί
870 3085 1008 3193 γάρ
1046 3090 1139 3164 ἀν
1184 3089 1301 3163 καὶ
1350 3083 1591 3163 πάθοι
1619 3117 1768 3181 τις,
1824 3083 2105 3164 ὁπόταν
2165 3095 2238 3162 οἱ
2281 3090 2449 3163 θεοὶ

218 3187 647 3287 βιάζοιντο·
694 3192 924 3262 Maior
959 3204 1062 3262 est
1107 3193 1198 3263 de
1231 3191 1665 3284 Thucydidis
1706 3193 1861 3261 loco
1904 3192 2026 3267 111,
2065 3191 2188 3261 44.
2242 3192 2438 3262 dubi-

219 3297 421 3366 tatio.
475 3293 565 3395 ἦν
600 3324 683 3369 τε
726 3289 867 3427 γάρ
900 3289 1253 3392 ἀποφήνω
1286 3290 1479 3369 πάνυ
1522 3291 1953 3375 ἀδικοῦντας
1991 3321 2299 3383 αυτ-ους,
2352 3291 2441 3368 οὐ
2506 3333 2512 3337 ·

219 3394 344 3473 διά
379 3398 615 3473 τοῦτο
648 3398 767 3471 και
798 3404 1223 3473 αποκτεῖναι
1255 3391 1599 3481 κελευσω,
1654 3425 1718 3471 ει
1748 3424 1851 3493 μη
1902 3400 2300 3519 ξυμφέρον·
2352 3396 2443 3492 ἤν

217 3530 297 3577 τε
325 3530 455 3575 και
486 3503 772 3593 ἔχοντές
792 3529 868 3574 τι
895 3496 1298 3599 ξυγγνώμης
1330 3497 1503 3590 εἷεν,
1551 3529 1616 3574 ει
1645 3500 1740 3596 τῆ
1770 3494 1977 3573 πόλει
2009 3528 2112 3596 μη
2146 3494 2441 3595 ἀγαθᾶν

218 3604 592 3701 φαίνοιτο.
671 3604 1009 3689 Quattuor
1033 3605 1128 3673 ibi
1156 3603 1359 3673 codd.
1387 3603 1577 3697 apud
1602 3602 2002 3673 Bekkerum
2028 3605 2214 3694 εἴτε,
2265 3626 2442 3693 quae

218 3708 487 3777 videtur
516 3708 1110 3801 grammaticorum
1149 3707 1480 3777 correctio
1521 3729 1687 3784 esse.
1788 3706 2147 3775 Tractatus
2189 3715 2292 3775 est
2324 3706 2440 3776 hic

213 3811 408 3882 locus
451 3834 498 3878 a
531 3811 778 3897 multia,
829 3834 871 3879 a
897 3834 1008 3879 me
1035 3812 1188 3903 ipso
1226 3811 1318 3879 ad
1346 3810 1578 3903 Viget.
1607 3833 1679 3902 p.
1727 3807 1901 3878 822.
1967 3811 2233 3900 Neque,
2283 3812 2439 3902 opi-

212 3936 337 3984 nor
354 3965 379 4005 ,
434 3912 779 3984 debebam
808 3915 897 3983 ab
942 3915 1269 3984 sententia
1310 3914 1404 3983 ibi
1432 3913 1790 4005 proposita
1822 3911 2192 3981 recedere
2170 3935 2242 3981 m
2281 3912 2437 3982 diss.

216 4017 306 4087 de
364 4020 754 4112 praeceptis
799 4018 1203 4107 quibusdam
1251 4016 1711 4087 Atticistarum
1753 4039 1825 4108 p.
1880 4012 2002 4084 16.
2103 4015 2292 4085 Nihil
2334 4024 2440 4084 est

216 4122 399 4190 enim
416 4172 438 4209 ‚
492 4121 683 4212 quod
726 4120 1298 4190 accommodatius
1355 4120 1449 4188 illi
1498 4121 1656 4190 loco
1696 4119 1814 4207 sit,
1875 4140 2080 4209 quam
2120 4115 2263 4192 εἷεν
2303 4142 2436 4211 pro

216 4224 507 4317 apodosi
535 4247 721 4310 esse,
772 4232 848 4293 ut
883 4224 1052 4293 ad*
1008 4250 1294 4314 εχοντες
1319 4245 1406 4292 ex
1435 4221 1998 4316 praecedentibus
2028 4221 2435 4314 intelligatur
2556 4250 2563 4254 ·

216 4324 586 4402 ἀδικῶσιν.
685 4329 793 4398 De
835 4324 980 4401 εἷεν
1022 4326 1179 4397 vide
1221 4325 1526 4396 Bekkeri
1570 4325 1831 4396 Anecd.
1877 4349 1949 4418 p.
1993 4322 2166 4413 243,
2206 4323 2324 4394 24.
2367 4334 2437 4395 et

215 4430 480 4501 'limaci
527 4431 699 4502 Lex.
747 4431 918 4500 Plat.
976 4454 1048 4524 p.
1094 4429 1217 4499 94.
1321 4431 1400 4498 ln
1438 4439 1682 4506 octavo
1725 4438 1948 4498 autem
1989 4429 2164 4497 libro
2206 4450 2264 4495 c.
2309 4427 2429 4501 27.

216 4557 428 4626 quum
451 4536 666 4630 vulgo
694 4536 1000 4631 legatur,
1051 4530 1143 4617 ὥς
1177 4527 1491 4626 τάχιστα
1520 4533 1596 4608 δὲ
1624 4532 1897 4607 ἐκέλευε
1948 4569 2035 4583 -—
2081 4526 2431 4606 ἀποπλεῖν
