3259 5275
708 507 799 572 ῃ,
1386 492 1513 556 οε
1577 489 2122 555 ιἰιιτιονιι
2165 484 2263 554 ἃν

711 690 959 778 Ιιοιιῶ,
1008 686 1198 781 quod
1241 686 1495 780 legitur
1541 683 1732 778 apud
1760 682 2140 754 Luciauum
2167 679 2461 775 Fugitiv.
2509 677 2631 750 24.
2676 678 2767 750 Τ.
2813 679 2935 753 111.

712 823 784 892 p.
828 794 1001 864 377.
1048 791 1450 884 κατίωμεν,
1505 788 1596 872 ὥς
1643 787 1779 861 κᾶν
1828 784 2112 878 ὀλίγους
2150 781 2394 858 αὐτῶν
2436 783 2939 904 ἐπιτρίψωμεν

715 894 1054 998 σήμερον.
1119 894 1266 964 Sed
1299 894 1428 962 alia
1463 894 1559 961 ibi
1588 899 1809 961 exstat
1834 892 2186 982 scriptura,
2240 915 2331 968 ως
2372 881 2503 959 οῦκ
2545 914 2680 975 αν,
2731 909 2940 977 quam

717 1011 1027 1096 apertum
1060 1007 1162 1067 est
1190 1005 1307 1066 aut
1334 998 1711 1089 optativum
1745 1003 1862 1063 aut
1887 994 2188 1062 futurum
2221 991 2589 1080 requirere,
2645 1015 2735 1070 ως
2758 1012 2942 1059 nam

717 1105 1157 1198 significante.
1258 1100 1526 1170 Eadem
1569 1100 1829 1170 ratione
1862 1125 1957 1170 τα
1962 1124 2003 1187 χ
2083 1094 2175 1169 ἄν
2220 1095 2451 1163 futuro
2496 1092 2705 1161 iunxit
2739 1094 2942 1162 Anti-

718 1209 987 1279 sthenes
1026 1204 1281 1289 rhetor,
1321 1227 1392 1296 p.
1439 1202 1560 1271 3⁰.
1608 1199 1683 1297 §.
1723 1199 1794 1270 6.
1861 1200 1965 1292 (Ρ.
2014 1195 2136 1268 58.
2189 1197 2464 1289 Reisk.)
2530 1194 2609 1278 ὃς
2647 1197 2944 1289 πρῶτον

713 1312 854 1407 μὲν
898 1305 1029 1383 οὐκ
1071 1304 1297 1381 οἶσθα
1349 1301 1516 1381 οὐδ’
1562 1302 1751 1386 ὅπως
1786 1304 1933 1378 ἔδει
1961 1295 2386 1394 μάχεσθαι..
2437 1294 2648 1388 ἀλλ’,
2714 1325 2943 1394 ωςπερ

584 1498 589 1502 ,
716 1412 799 1497 ὗς
844 1412 1094 1506 ἄγριος
1173 1405 1357 1506 ὀργῇ
1414 1401 1855 1532 φερόμενος,
1919 1399 2093 1494 τάχ’
2145 1401 2238 1476 ἄν
2281 1428 2465 1475 ποτε
2524 1396 2948 1483 ἀποκτενεῖς

719 1508 1079 1592 σεαυτόν..
1127 1513 1325 1604 κακῷ
1367 1537 1774 1607 περιπεσων
1805 1535 1933 1604 τῳ.
2036 1507 2146 1576 De
2177 1528 2316 1597 quo
2357 1528 2497 1574 ιιοιι
2536 1507 2758 1597 mag-is
2801 1505 2948 1573 du-

716 1617 1067 1688 bitandum
1106 1615 1267 1706 quin
1291 1624 1480 1684 recte
1525 1613 1778 1683 dictum
1819 1613 1938 1700 sit,
1989 1632 2196 1702 quam
2239 1609 2330 1679 de
2357 1606 2512 1683 κᾶν.
2541 1606 2946 1704 Euripides

716 1717 1038 1793 ΕΙ..485

1049 1851 1189 1928 κᾶν
1241 1848 1352 1928 ἔτ’
1403 1853 1518 1927 ἔτι
1570 1847 1840 1949 φόνιον
1885 1844 2037 1925 ὕπο
2085 1851 2305 1946 δέραν

1053 1955 1344 2053 ὄψομαι
1396 1954 1585 2050 αἷμα
1638 1955 1865 2048 χυθὲν
1918 1949 2248 2050 σιδάρῳ·-

719 2109 1000 2184 Lucian.
1034 2109 1210 2179 nial.
1244 2116 1509 2179 meretr.
1545 2109 1666 2180 xl.
1710 2107 1782 2178 4.
1816 2108 1904 2177 T.
1937 2106 2055 2179 llI.
2091 2130 2165 2199 p.
2199 2104 2372 2176 31⁰.
2424 2104 2593 2203 περὶ
2618 2098 2761 2203 γοῖρ
2799 2102 2951 2179 τοῖν

721 2215 906 2290 ἐτῶν
939 2212 1073 2286 κᾶν
1120 2209 1165 2287 ὅ
1211 2203 1961 2310 πάπποςδιηγήσεταί
2007 2236 2163 2305 σοι,
2233 2211 2380 2304 εἴγε
2440 2209 2521 2306 ζῇ
2566 2210 2698 2285 ἔτι.
2803 2207 2953 2279 Sed

720 2313 1591 2408 inAristoph.Av.1314.

1055 2444 1248 2539 ταχῦ
1299 2445 1373 2525 δ’
1427 2478 1520 2524 αν
1572 2444 1999 2573 πολυάνορα
2048 2444 2272 2525 τάνδε
2322 2442 2540 2524 πόλιν

1053 2553 1258 2627 καλεῖ
1305 2580 1417 2635 τις
1466 2547 1914 2653 ἀνθρώπων,

721 2692 841 2762 ubi
884 2690 1223 2812 Reisig-ius
1265 2715 1337 2784 p.
1385 2691 1555 2762 101.
1596 2694 1803 2764 καλεῖ
1839 2700 2097 2777 tuetur,
2148 2691 2307 2781 quia
2338 2692 2402 2761 ei
2445 2718 2538 2764 αν
2575 2685 2955 2783 probabili-

721 2804 933 2865 tatem
979 2795 1077 2864 rei
1129 2817 1383 2889 augere
1419 2796 1649 2915 potius
1703 2817 1913 2885 quam
1956 2796 2256 2863 minuere
2300 2796 2517 2864 visum
2562 2802 2705 2881 est,
2789 2790 2956 2860 nihil

722 2920 1000 2992 prorsus
1044 2918 1181 2990 ego
1218 2899 1516 2968 invenire
1550 2920 1731 2988 queo
1775 2916 1914 2988 quo
1945 2899 2244 2966 futurum
2286 2897 2649 2967 defendam
2663 2944 2685 2981 ‚
2734 2917 2957 2987 prae-

727 3002 1084 3091 feramque
1132 3001 1434 3092 quamvis
1486 3023 1861 3095 paucorum
1917 3000 2245 3070 librorum
2290 3002 2666 3093 scripturae
2717 3003 2953 3086 καλοῖ,

723 3105 1068 3198 plerisque
1132 3104 1490 3173 doctorum
1542 3105 1894 3198 probatae.
2016 3103 2378 3173 Caeterum
2438 3113 2624 3172 recte
2686 3103 2759 3170 in
2814 3100 2956 3168 hoc

726 3229 926 3277 versu
953 3229 1172 3299 nuper
1198 3205 1287 3276 G.
1316 3206 1743 3279 Dindorfium
1769 3201 1910 3283 τοῖν
1935 3202 2148 3279 πόλιν
2185 3206 2453 3277 dedisse
2478 3216 2673 3300 puto,
2710 3204 2956 3272 velim-

728 3333 865 3401 que
903 3311 1107 3379 etiam
1139 3337 1235 3382 τα
1238 3302 1331 3400 χῦ
1366 3309 1507 3383 τᾶν
1544 3312 1766 3381 scribi.
1869 3309 2197 3403 Adiungit
2227 3309 2566 3405 Reisig-ius
2604 3307 2954 3400 Euripidis
3039 3300 3056 3311 ⁰

725 3413 954 3482 locum
981 3413 1253 3485 Heracl.
1280 3411 1455 3483 769.
1482 3436 1690 3505 quem
1721 3415 1815 3482 ita
1838 3413 2098 3483 scribit:
2161 3411 2435 3487 οὔποτε
2477 3411 2778 3487 θνατῶν
2822 3407 2955 3508 ἧσ-

730 3516 930 3596 σονές
958 3511 1135 3589 ποτ’
1180 3513 1273 3588 ἂν
1309 3516 1385 3589 ἔκ
1427 3513 1501 3610 γ’
1528 3517 1717 3611 ἐμοῦ
1740 3516 2173 3611 φανοῦνται.
2225 3515 2417 3585 Libri
2449 3511 2591 3591 εἶτ’
2629 3513 2817 3609 ἐμοῦ
2842 3515 2958 3584 vel

731 3612 898 3690 οὔτ’
948 3615 1152 3709 ἐμοῦ.
1260 3617 1459 3703 Quae
1519 3619 1634 3689 hic
1687 3620 2045 3689 Elmsleius
2105 3618 2245 3687 duo
2300 3618 2688 3689 foedissima
2743 3619 2956 3686 latere

727 3718 979 3790 menda
1015 3726 1247 3812 putat,
1296 3723 1658 3814 repetitum
1703 3722 1886 3797 ποτὲ
1931 3731 2000 3791 et
2041 3720 2134 3796 ἄν
2167 3722 2467 3792 iunctum
2493 3722 2721 3791 futuro
2742 3770 2764 3808 ‚
2816 3742 2957 3790 non

728 3822 981 3892 menda
1010 3830 1200 3910 sunt,
1253 3823 1376 3892 sed
1417 3835 1603 3894 recte
1635 3827 2011 3918 composita
2038 3826 2279 3899 oratio.
2380 3824 2509 3894 llla
2540 3825 2767 3918 potius
2814 3823 2955 3893 duo

728 3925 966 3994 vitiosa
1022 3933 1211 4016 sunt,
1279 3922 1424 4000 εἴτ’
1479 3929 1667 4021 ἐμοῦ
1675 3975 1710 4009 ,
1788 3937 1858 3998 et
1910 3928 2102 4020 quod
2158 3951 2409 3998 nomen
2468 3929 2957 4001 substantivum

732 4027 941 4099 deest.
1040 4028 1418 4121 Vtrumque
1442 4032 1807 4102 removeris
1823 4084 1846 4125 ,
1890 4033 1946 4102 si
1982 4032 2361 4125 scripseris:

1060 4172 1247 4264 Ζεύς
1283 4207 1422 4276 μοι
1456 4177 1877 4279 σύμμαχος,
1930 4180 2021 4258 οῦ
2057 4183 2368 4280 φοβοῦ-

1057 4303 1240 4377 μαι·
1292 4280 1479 4369 Ζεύς
1502 4315 1639 4382 μοι
1669 4281 1888 4386 χάριν
1916 4287 2201 4371 ἐνδίκως

1058 4387 1247 4476 ἔχει·
1299 4387 1574 4465 οὔποτε
1603 4389 1906 4466 θνατων

1057 4485 1320 4586 §jocove
1346 4491 1520 4569 θεοί
1543 4496 1724 4570 ποτ’
1753 4521 1846 4570 αν
1880 4494 1959 4570 ἔν
1985 4523 2033 4591 7
2043 4490 2255 4591 ἐμοι
2281 4490 2708 4593 φανοῦνται.
