<?xml version="1.0" encoding="UTF-8"?>
<!DOCTYPE html PUBLIC "-//W3C//DTD XHTML 1.0 Transitional//EN"
    "http://www.w3.org/TR/xhtml1/DTD/xhtml1-transitional.dtd">
<html xmlns="http://www.w3.org/1999/xhtml" xml:lang="en" lang="en">
 <head>
  <title>
</title>
<meta http-equiv="Content-Type" content="text/html;charset=utf-8" />
  <meta name='ocr-system' content='tesseract 3.04.00' />
  <meta name='ocr-capabilities' content='ocr_page ocr_carea ocr_par ocr_line ocrx_word'/>
</head>
<body>
  <div class='ocr_page' id='page_1' title='image "./godofrediherman03fritgoog_0093.png"; bbox 0 0 3259 5275; ppageno 0'>
   <div class='ocr_carea' id='block_1_1' title="bbox 1004 491 2523 562">
    <p class='ocr_par' dir='ltr' id='par_1_1' title="bbox 1004 491 2523 562">
     <span class='ocr_line' id='line_1_1' title="bbox 1004 491 2523 562; baseline 0.006 -9"><span class='ocrx_word' id='word_1_1' title='bbox 1004 493 1174 554; x_wconf 84' lang='lat' dir='ltr'><strong>LIB.</strong></span> <span class='ocrx_word' id='word_1_2' title='bbox 1217 493 1293 553; x_wconf 91' lang='lat'>11.</span> <span class='ocrx_word' id='word_1_3' title='bbox 1385 491 1580 556; x_wconf 78' lang='lat' dir='ltr'>CAP.</span> <span class='ocrx_word' id='word_1_4' title='bbox 1625 496 1688 557; x_wconf 90' lang='lat'>1.</span> <span class='ocrx_word' id='word_1_5' title='bbox 1732 495 1794 558; x_wconf 78' lang='lat'>2.</span> <span class='ocrx_word' id='word_1_6' title='bbox 2434 497 2523 562; x_wconf 65' lang='grc' dir='ltr'>ΊὩ</span> 
     </span>
    </p>
   </div>
   <div class='ocr_carea' id='block_1_2' title="bbox 286 682 2522 1709">
    <p class='ocr_par' dir='ltr' id='par_1_2' title="bbox 286 682 2522 1709">
     <span class='ocr_line' id='line_1_2' title="bbox 300 682 2519 775; baseline 0 -19"><span class='ocrx_word' id='word_1_7' title='bbox 300 684 643 756; x_wconf 79' lang='lat' dir='ltr'>consilium</span> <span class='ocrx_word' id='word_1_8' title='bbox 676 682 979 752; x_wconf 71' lang='lat' dir='ltr'>facientis</span> <span class='ocrx_word' id='word_1_9' title='bbox 995 735 1016 772; x_wconf 85' lang='lat'>‚</span> <span class='ocrx_word' id='word_1_10' title='bbox 1070 704 1207 751; x_wconf 87' lang='lat' dir='ltr'>non</span> <span class='ocrx_word' id='word_1_11' title='bbox 1248 682 1450 751; x_wconf 81' lang='lat' dir='ltr'>etiam</span> <span class='ocrx_word' id='word_1_12' title='bbox 1463 728 1486 768; x_wconf 85' lang='lat'>,</span> <span class='ocrx_word' id='word_1_13' title='bbox 1540 705 1626 751; x_wconf 88' lang='lat' dir='ltr'>an</span> <span class='ocrx_word' id='word_1_14' title='bbox 1657 690 2054 752; x_wconf 81' lang='lat' dir='ltr'>eventurum</span> <span class='ocrx_word' id='word_1_15' title='bbox 2083 682 2170 753; x_wconf 81' lang='lat' dir='ltr'>sit</span> <span class='ocrx_word' id='word_1_16' title='bbox 2194 685 2382 775; x_wconf 89' lang='lat' dir='ltr'>quod</span> <span class='ocrx_word' id='word_1_17' title='bbox 2405 687 2519 757; x_wconf 89' lang='lat' dir='ltr'>ille</span> 
     </span>
     <span class='ocr_line' id='line_1_3' title="bbox 295 786 2522 880; baseline 0 -21"><span class='ocrx_word' id='word_1_18' title='bbox 295 791 453 875; x_wconf 81' lang='lat' dir='ltr'>vult,</span> <span class='ocrx_word' id='word_1_19' title='bbox 504 788 805 858; x_wconf 89' lang='lat' dir='ltr'>indicare</span> <span class='ocrx_word' id='word_1_20' title='bbox 838 788 1049 871; x_wconf 77' lang='lat' dir='ltr'>voleS‚</span> <span class='ocrx_word' id='word_1_21' title='bbox 1087 786 1401 855; x_wconf 84' lang='lat' dir='ltr'>omnibus</span> <span class='ocrx_word' id='word_1_22' title='bbox 1431 787 1846 879; x_wconf 80' lang='lat' dir='ltr'><strong>temporibus</strong></span> <span class='ocrx_word' id='word_1_23' title='bbox 1886 786 2259 880; x_wconf 82' lang='lat' dir='ltr'>adiungere</span> <span class='ocrx_word' id='word_1_24' title='bbox 2290 790 2522 860; x_wconf 79' lang='lat' dir='ltr'><strong>licebit</strong></span> 
     </span>
     <span class='ocr_line' id='line_1_4' title="bbox 295 887 2521 986; baseline -0 -23"><span class='ocrx_word' id='word_1_25' title='bbox 295 893 672 986; x_wconf 78' lang='lat' dir='ltr'>optativum</span> <span class='ocrx_word' id='word_1_26' title='bbox 703 887 891 970; x_wconf 80' lang='grc' dir='ltr'><strong><em>ὅπως</em></strong></span> <span class='ocrx_word' id='word_1_27' title='bbox 917 892 1240 982; x_wconf 71' lang='grc' dir='ltr'>γένοιτοε</span> <span class='ocrx_word' id='word_1_28' title='bbox 1292 891 1393 958; x_wconf 91' lang='lat' dir='ltr'>sin</span> <span class='ocrx_word' id='word_1_29' title='bbox 1423 912 1592 958; x_wconf 84' lang='lat' dir='ltr'>vero</span> <span class='ocrx_word' id='word_1_30' title='bbox 1624 889 1715 958; x_wconf 92' lang='lat' dir='ltr'>de</span> <span class='ocrx_word' id='word_1_31' title='bbox 1744 900 1988 959; x_wconf 80' lang='lat' dir='ltr'>eventu</span> <span class='ocrx_word' id='word_1_32' title='bbox 2024 892 2351 982; x_wconf 69' lang='lat' dir='ltr'>loqueriS,</span> <span class='ocrx_word' id='word_1_33' title='bbox 2404 894 2521 983; x_wconf 87' lang='lat' dir='ltr'>qui</span> 
     </span>
     <span class='ocr_line' id='line_1_5' title="bbox 291 994 2521 1087; baseline 0 -22"><span class='ocrx_word' id='word_1_34' title='bbox 291 1000 423 1065; x_wconf 87' lang='lat' dir='ltr'>iam</span> <span class='ocrx_word' id='word_1_35' title='bbox 459 1005 565 1064; x_wconf 75' lang='lat' dir='ltr'>est</span> <span class='ocrx_word' id='word_1_36' title='bbox 593 994 876 1063; x_wconf 83' lang='lat' dir='ltr'>effectus</span> <span class='ocrx_word' id='word_1_37' title='bbox 894 1047 915 1083; x_wconf 87' lang='lat'>,</span> <span class='ocrx_word' id='word_1_38' title='bbox 966 1015 1193 1083; x_wconf 88' lang='lat' dir='ltr'>neque</span> <span class='ocrx_word' id='word_1_39' title='bbox 1220 994 1468 1086; x_wconf 82' lang='lat' dir='ltr'>respici</span> <span class='ocrx_word' id='word_1_40' title='bbox 1493 994 1593 1063; x_wconf 81' lang='lat' dir='ltr'>vis</span> <span class='ocrx_word' id='word_1_41' title='bbox 1618 994 1789 1062; x_wconf 91' lang='lat' dir='ltr'>illud</span> <span class='ocrx_word' id='word_1_42' title='bbox 1814 1004 2117 1087; x_wconf 80' lang='lat' dir='ltr'>tempus,</span> <span class='ocrx_word' id='word_1_43' title='bbox 2171 1019 2309 1087; x_wconf 87' lang='lat' dir='ltr'>quo</span> <span class='ocrx_word' id='word_1_44' title='bbox 2342 1020 2521 1066; x_wconf 86' lang='lat' dir='ltr'>non-</span> 
     </span>
     <span class='ocr_line' id='line_1_6' title="bbox 290 1094 2517 1194; baseline 0.003 -26"><span class='ocrx_word' id='word_1_45' title='bbox 290 1101 457 1169; x_wconf 89' lang='lat' dir='ltr'>dum</span> <span class='ocrx_word' id='word_1_46' title='bbox 517 1099 777 1187; x_wconf 79' lang='lat' dir='ltr'>evenit,</span> <span class='ocrx_word' id='word_1_47' title='bbox 840 1097 1218 1166; x_wconf 83' lang='lat' dir='ltr'>necessario</span> <span class='ocrx_word' id='word_1_48' title='bbox 1273 1097 1456 1166; x_wconf 87' lang='lat' dir='ltr'>dices</span> <span class='ocrx_word' id='word_1_49' title='bbox 1515 1097 1851 1194; x_wconf 73' lang='grc' dir='ltr'>ἐποίησεν</span> <span class='ocrx_word' id='word_1_50' title='bbox 1866 1151 1895 1187; x_wconf 89' lang='lat'><em>‚</em></span> <span class='ocrx_word' id='word_1_51' title='bbox 1960 1094 2151 1178; x_wconf 81' lang='grc' dir='ltr'><strong><em>ὅπως</em></strong></span> <span class='ocrx_word' id='word_1_52' title='bbox 2203 1102 2517 1193; x_wconf 68' lang='grc' dir='ltr'>γένοιτο,</span> 
     </span>
     <span class='ocr_line' id='line_1_7' title="bbox 290 1198 2520 1300; baseline 0.001 -28"><span class='ocrx_word' id='word_1_53' title='bbox 290 1202 643 1273; x_wconf 83' lang='lat' dir='ltr'>consilium</span> <span class='ocrx_word' id='word_1_54' title='bbox 668 1202 886 1269; x_wconf 88' lang='lat' dir='ltr'>solum</span> <span class='ocrx_word' id='word_1_55' title='bbox 921 1201 1323 1293; x_wconf 84' lang='lat' dir='ltr'>significans.</span> <span class='ocrx_word' id='word_1_56' title='bbox 1425 1202 1607 1269; x_wconf 90' lang='lat' dir='ltr'>Nam</span> <span class='ocrx_word' id='word_1_57' title='bbox 1653 1202 1711 1270; x_wconf 89' lang='lat' dir='ltr'>si</span> <span class='ocrx_word' id='word_1_58' title='bbox 1759 1198 1950 1281; x_wconf 80' lang='grc' dir='ltr'><strong><em>ὅπως</em></strong></span> <span class='ocrx_word' id='word_1_59' title='bbox 1989 1202 2287 1300; x_wconf 74' lang='grc' dir='ltr'>γένηται</span> <span class='ocrx_word' id='word_1_60' title='bbox 2326 1203 2520 1274; x_wconf 85' lang='lat' dir='ltr'>dice-—</span> 
     </span>
     <span class='ocr_line' id='line_1_8' title="bbox 286 1304 2521 1396; baseline 0.001 -21"><span class='ocrx_word' id='word_1_61' title='bbox 286 1331 417 1394; x_wconf 86' lang='lat' dir='ltr'>res,</span> <span class='ocrx_word' id='word_1_62' title='bbox 472 1315 593 1374; x_wconf 83' lang='lat' dir='ltr'>aut</span> <span class='ocrx_word' id='word_1_63' title='bbox 628 1306 872 1373; x_wconf 86' lang='lat' dir='ltr'>falsum</span> <span class='ocrx_word' id='word_1_64' title='bbox 901 1304 1183 1392; x_wconf 75' lang='lat' dir='ltr'>dicereS,</span> <span class='ocrx_word' id='word_1_65' title='bbox 1240 1306 1296 1372; x_wconf 90' lang='lat' dir='ltr'>si</span> <span class='ocrx_word' id='word_1_66' title='bbox 1321 1316 1613 1396; x_wconf 75' lang='lat' dir='ltr'>tempus,</span> <span class='ocrx_word' id='word_1_67' title='bbox 1667 1326 1806 1395; x_wconf 87' lang='lat' dir='ltr'>quo</span> <span class='ocrx_word' id='word_1_68' title='bbox 1833 1304 2151 1394; x_wconf 82' lang='lat' dir='ltr'>loqueris,</span> <span class='ocrx_word' id='word_1_69' title='bbox 2201 1306 2268 1374; x_wconf 93' lang='lat' dir='ltr'>in</span> <span class='ocrx_word' id='word_1_70' title='bbox 2295 1317 2521 1378; x_wconf 82' lang='lat' dir='ltr'>mente</span> 
     </span>
     <span class='ocr_line' id='line_1_9' title="bbox 288 1408 2521 1501; baseline 0 -22"><span class='ocrx_word' id='word_1_71' title='bbox 288 1411 621 1479; x_wconf 83' lang='lat' dir='ltr'>haberes:</span> <span class='ocrx_word' id='word_1_72' title='bbox 674 1430 813 1477; x_wconf 84' lang='lat' dir='ltr'>non</span> <span class='ocrx_word' id='word_1_73' title='bbox 864 1408 1042 1475; x_wconf 90' lang='lat' dir='ltr'>enim</span> <span class='ocrx_word' id='word_1_74' title='bbox 1088 1408 1377 1501; x_wconf 86' lang='lat' dir='ltr'>amplius</span> <span class='ocrx_word' id='word_1_75' title='bbox 1419 1408 1681 1477; x_wconf 80' lang='lat' dir='ltr'>futurus</span> <span class='ocrx_word' id='word_1_76' title='bbox 1722 1416 1825 1476; x_wconf 83' lang='lat' dir='ltr'>est</span> <span class='ocrx_word' id='word_1_77' title='bbox 1857 1415 2131 1476; x_wconf 80' lang='lat' dir='ltr'>eventus</span> <span class='ocrx_word' id='word_1_78' title='bbox 2149 1460 2170 1496; x_wconf 87' lang='lat'>,</span> <span class='ocrx_word' id='word_1_79' title='bbox 2219 1410 2346 1478; x_wconf 84' lang='lat' dir='ltr'>sed</span> <span class='ocrx_word' id='word_1_80' title='bbox 2383 1411 2521 1480; x_wconf 89' lang='lat' dir='ltr'>iam</span> 
     </span>
     <span class='ocr_line' id='line_1_10' title="bbox 287 1511 2518 1607; baseline 0.001 -25"><span class='ocrx_word' id='word_1_81' title='bbox 287 1513 672 1607; x_wconf 80' lang='lat' dir='ltr'>praeteriit:</span> <span class='ocrx_word' id='word_1_82' title='bbox 729 1519 844 1580; x_wconf 81' lang='lat' dir='ltr'>aut</span> <span class='ocrx_word' id='word_1_83' title='bbox 882 1511 1258 1603; x_wconf 81' lang='lat' dir='ltr'>respiceres</span> <span class='ocrx_word' id='word_1_84' title='bbox 1289 1520 1560 1603; x_wconf 80' lang='lat' dir='ltr'>tempus</span> <span class='ocrx_word' id='word_1_85' title='bbox 1588 1511 1792 1594; x_wconf 89' lang='lat' dir='ltr'>illud,</span> <span class='ocrx_word' id='word_1_86' title='bbox 1843 1533 1984 1601; x_wconf 86' lang='lat' dir='ltr'>quo</span> <span class='ocrx_word' id='word_1_87' title='bbox 2016 1513 2318 1583; x_wconf 85' lang='lat' dir='ltr'>nondum</span> <span class='ocrx_word' id='word_1_88' title='bbox 2354 1537 2518 1585; x_wconf 82' lang='lat' dir='ltr'>eve-</span> 
     </span>
     <span class='ocr_line' id='line_1_11' title="bbox 289 1614 1896 1709; baseline -0.002 -23"><span class='ocrx_word' id='word_1_89' title='bbox 289 1627 517 1687; x_wconf 82' lang='lat' dir='ltr'>uerat:</span> <span class='ocrx_word' id='word_1_90' title='bbox 575 1614 762 1707; x_wconf 84' lang='lat' dir='ltr'>quod</span> <span class='ocrx_word' id='word_1_91' title='bbox 794 1623 863 1684; x_wconf 81' lang='lat' dir='ltr'>te</span> <span class='ocrx_word' id='word_1_92' title='bbox 888 1616 1068 1684; x_wconf 84' lang='lat' dir='ltr'>nolle</span> <span class='ocrx_word' id='word_1_93' title='bbox 1102 1616 1444 1708; x_wconf 86' lang='lat' dir='ltr'>respicere</span> <span class='ocrx_word' id='word_1_94' title='bbox 1476 1615 1896 1709; x_wconf 84' lang='lat' dir='ltr'>sumpsimus.</span> 
     </span>
    </p>
   </div>
   <div class='ocr_carea' id='block_1_3' title="bbox 714 1821 2102 2068">
    <p class='ocr_par' dir='ltr' id='par_1_3' title="bbox 714 1821 2102 2068">
     <span class='ocr_line' id='line_1_12' title="bbox 1358 1821 1445 1890; baseline 0 0"><span class='ocrx_word' id='word_1_95' title='bbox 1358 1821 1445 1890; x_wconf 90' lang='grc' dir='ltr'>Π.</span> 
     </span>
     <span class='ocr_line' id='line_1_13' title="bbox 714 1970 2102 2068; baseline 0.001 -26"><span class='ocrx_word' id='word_1_96' title='bbox 714 1972 847 2044; x_wconf 88' lang='lat' dir='ltr'>De</span> <span class='ocrx_word' id='word_1_97' title='bbox 900 1972 1496 2043; x_wconf 72' lang='lat' dir='ltr'>coniunctim)</span> <span class='ocrx_word' id='word_1_98' title='bbox 1534 1970 2102 2068; x_wconf 79' lang='lat' dir='ltr'>profuturo.</span> 
     </span>
    </p>
   </div>
   <div class='ocr_carea' id='block_1_4' title="bbox 287 2118 2521 2740">
    <p class='ocr_par' dir='ltr' id='par_1_4' title="bbox 287 2118 2521 2740">
     <span class='ocr_line' id='line_1_14' title="bbox 497 2118 2520 2219; baseline 0.002 -25"><span class='ocrx_word' id='word_1_99' title='bbox 497 2124 1006 2219; x_wconf 77' lang='lat' dir='ltr'>Explicabimus</span> <span class='ocrx_word' id='word_1_100' title='bbox 1038 2128 1263 2218; x_wconf 87' lang='lat' dir='ltr'>primo</span> <span class='ocrx_word' id='word_1_101' title='bbox 1291 2126 1381 2196; x_wconf 93' lang='lat' dir='ltr'>de</span> <span class='ocrx_word' id='word_1_102' title='bbox 1413 2118 1857 2195; x_wconf 74' lang='lat' dir='ltr'>coniunctivoL</span> <span class='ocrx_word' id='word_1_103' title='bbox 1961 2128 2100 2213; x_wconf 80' lang='lat' dir='ltr'>Qui</span> <span class='ocrx_word' id='word_1_104' title='bbox 2126 2128 2368 2198; x_wconf 87' lang='lat' dir='ltr'>modus</span> <span class='ocrx_word' id='word_1_105' title='bbox 2395 2130 2520 2199; x_wconf 84' lang='lat' dir='ltr'>etsi</span> 
     </span>
     <span class='ocr_line' id='line_1_15' title="bbox 288 2228 2517 2323; baseline 0.002 -25"><span class='ocrx_word' id='word_1_106' title='bbox 288 2228 483 2322; x_wconf 89' lang='lat' dir='ltr'>apud</span> <span class='ocrx_word' id='word_1_107' title='bbox 517 2232 1005 2320; x_wconf 84' lang='lat' dir='ltr'>antiquissimos</span> <span class='ocrx_word' id='word_1_108' title='bbox 1031 2233 1123 2300; x_wconf 79' lang='lat' dir='ltr'>ita</span> <span class='ocrx_word' id='word_1_109' title='bbox 1151 2254 1282 2323; x_wconf 89' lang='lat' dir='ltr'>pro</span> <span class='ocrx_word' id='word_1_110' title='bbox 1321 2230 1551 2299; x_wconf 80' lang='lat' dir='ltr'>futuro</span> <span class='ocrx_word' id='word_1_111' title='bbox 1583 2240 1943 2323; x_wconf 85' lang='lat' dir='ltr'>usurpatus</span> <span class='ocrx_word' id='word_1_112' title='bbox 1972 2239 2093 2318; x_wconf 68' lang='lat' dir='ltr'>est,</span> <span class='ocrx_word' id='word_1_113' title='bbox 2146 2240 2240 2317; x_wconf 80' lang='lat' dir='ltr'>ut,</span> <span class='ocrx_word' id='word_1_114' title='bbox 2292 2233 2349 2301; x_wconf 90' lang='lat' dir='ltr'>si</span> <span class='ocrx_word' id='word_1_115' title='bbox 2370 2236 2517 2323; x_wconf 89' lang='lat' dir='ltr'>quis</span> 
     </span>
     <span class='ocr_line' id='line_1_16' title="bbox 288 2327 2521 2426; baseline 0.004 -30"><span class='ocrx_word' id='word_1_116' title='bbox 288 2333 481 2402; x_wconf 77' lang='lat' dir='ltr'>verbi</span> <span class='ocrx_word' id='word_1_117' title='bbox 528 2332 776 2404; x_wconf 87' lang='lat' dir='ltr'>Graeci</span> <span class='ocrx_word' id='word_1_118' title='bbox 821 2345 1125 2404; x_wconf 85' lang='lat' dir='ltr'>naturam</span> <span class='ocrx_word' id='word_1_119' title='bbox 1170 2336 1544 2426; x_wconf 82' lang='lat' dir='ltr'>accuratius</span> <span class='ocrx_word' id='word_1_120' title='bbox 1579 2334 1992 2421; x_wconf 82' lang='lat' dir='ltr'>consideret,</span> <span class='ocrx_word' id='word_1_121' title='bbox 2046 2327 2354 2404; x_wconf 79' lang='lat' dir='ltr'>dubitare</span> <span class='ocrx_word' id='word_1_122' title='bbox 2383 2359 2521 2406; x_wconf 86' lang='lat' dir='ltr'>non</span> 
     </span>
     <span class='ocr_line' id='line_1_17' title="bbox 287 2437 2520 2532; baseline 0.002 -28"><span class='ocrx_word' id='word_1_123' title='bbox 287 2437 537 2530; x_wconf 85' lang='lat' dir='ltr'>possit,</span> <span class='ocrx_word' id='word_1_124' title='bbox 592 2438 754 2528; x_wconf 88' lang='lat' dir='ltr'>quin</span> <span class='ocrx_word' id='word_1_125' title='bbox 779 2441 971 2532; x_wconf 88' lang='lat' dir='ltr'>prior</span> <span class='ocrx_word' id='word_1_126' title='bbox 1006 2439 1235 2507; x_wconf 79' lang='lat' dir='ltr'>futuro</span> <span class='ocrx_word' id='word_1_127' title='bbox 1275 2439 1629 2526; x_wconf 83' lang='lat' dir='ltr'>exstiterit,</span> <span class='ocrx_word' id='word_1_128' title='bbox 1682 2438 1889 2528; x_wconf 89' lang='lat' dir='ltr'>idque</span> <span class='ocrx_word' id='word_1_129' title='bbox 1928 2460 2013 2506; x_wconf 84' lang='lat' dir='ltr'>ex</span> <span class='ocrx_word' id='word_1_130' title='bbox 2049 2438 2204 2531; x_wconf 88' lang='lat' dir='ltr'>ipso</span> <span class='ocrx_word' id='word_1_131' title='bbox 2243 2438 2520 2520; x_wconf 86' lang='lat' dir='ltr'>demum</span> 
     </span>
     <span class='ocr_line' id='line_1_18' title="bbox 287 2540 2518 2633; baseline 0.001 -25"><span class='ocrx_word' id='word_1_132' title='bbox 287 2540 627 2633; x_wconf 79' lang='lat' dir='ltr'>originem</span> <span class='ocrx_word' id='word_1_133' title='bbox 664 2543 966 2611; x_wconf 81' lang='lat' dir='ltr'>traxerit:</span> <span class='ocrx_word' id='word_1_134' title='bbox 1018 2552 1244 2610; x_wconf 82' lang='lat' dir='ltr'>tamen</span> <span class='ocrx_word' id='word_1_135' title='bbox 1278 2552 1517 2611; x_wconf 86' lang='lat' dir='ltr'>natura</span> <span class='ocrx_word' id='word_1_136' title='bbox 1559 2564 1680 2611; x_wconf 88' lang='lat' dir='ltr'>sua</span> <span class='ocrx_word' id='word_1_137' title='bbox 1714 2540 1916 2610; x_wconf 81' lang='lat' dir='ltr'>valde</span> <span class='ocrx_word' id='word_1_138' title='bbox 1943 2565 1985 2610; x_wconf 90' lang='lat' dir='ltr'>a</span> <span class='ocrx_word' id='word_1_139' title='bbox 2025 2541 2255 2612; x_wconf 81' lang='lat' dir='ltr'>futuro</span> <span class='ocrx_word' id='word_1_140' title='bbox 2290 2542 2518 2612; x_wconf 87' lang='lat' dir='ltr'>diver-</span> 
     </span>
     <span class='ocr_line' id='line_1_19' title="bbox 288 2643 2519 2740; baseline 0.002 -28"><span class='ocrx_word' id='word_1_141' title='bbox 288 2668 399 2713; x_wconf 86' lang='lat' dir='ltr'>sus</span> <span class='ocrx_word' id='word_1_142' title='bbox 430 2654 536 2713; x_wconf 84' lang='lat' dir='ltr'>est</span> <span class='ocrx_word' id='word_1_143' title='bbox 551 2695 572 2729; x_wconf 87' lang='lat'>‚</span> <span class='ocrx_word' id='word_1_144' title='bbox 624 2668 846 2735; x_wconf 89' lang='lat' dir='ltr'>neque</span> <span class='ocrx_word' id='word_1_145' title='bbox 887 2670 1096 2736; x_wconf 89' lang='lat' dir='ltr'>quum</span> <span class='ocrx_word' id='word_1_146' title='bbox 1137 2669 1270 2738; x_wconf 88' lang='lat' dir='ltr'>pro</span> <span class='ocrx_word' id='word_1_147' title='bbox 1308 2668 1392 2715; x_wconf 87' lang='lat' dir='ltr'>eo</span> <span class='ocrx_word' id='word_1_148' title='bbox 1415 2647 1675 2740; x_wconf 83' lang='lat' dir='ltr'>positus</span> <span class='ocrx_word' id='word_1_149' title='bbox 1717 2646 1958 2714; x_wconf 79' lang='lat' dir='ltr'>dicitur</span> <span class='ocrx_word' id='word_1_150' title='bbox 1975 2693 1996 2731; x_wconf 86' lang='lat'>‚</span> <span class='ocrx_word' id='word_1_151' title='bbox 2049 2643 2123 2714; x_wconf 92' lang='lat' dir='ltr'>id</span> <span class='ocrx_word' id='word_1_152' title='bbox 2157 2647 2252 2715; x_wconf 89' lang='lat' dir='ltr'>sic</span> <span class='ocrx_word' id='word_1_153' title='bbox 2282 2656 2386 2716; x_wconf 82' lang='lat' dir='ltr'>est</span> <span class='ocrx_word' id='word_1_154' title='bbox 2410 2650 2519 2717; x_wconf 89' lang='lat' dir='ltr'>in-</span> 
     </span>
    </p>
   </div>
   <div class='ocr_carea' id='block_1_5' title="bbox 176 2747 2544 2850">
    <p class='ocr_par' dir='ltr' id='par_1_5' title="bbox 176 2747 2544 2850">
     <span class='ocr_line' id='line_1_20' title="bbox 176 2747 2544 2850; baseline 0.003 -35"><span class='ocrx_word' id='word_1_155' title='bbox 176 2839 181 2850; x_wconf 36' lang='lat'>·</span> <span class='ocrx_word' id='word_1_156' title='bbox 286 2747 769 2840; x_wconf 81' lang='lat' dir='ltr'>telligendum,</span> <span class='ocrx_word' id='word_1_157' title='bbox 821 2773 902 2817; x_wconf 88' lang='lat' dir='ltr'>ac</span> <span class='ocrx_word' id='word_1_158' title='bbox 928 2752 983 2818; x_wconf 88' lang='lat' dir='ltr'>si</span> <span class='ocrx_word' id='word_1_159' title='bbox 1015 2749 1365 2836; x_wconf 87' lang='lat' dir='ltr'>eamdem,</span> <span class='ocrx_word' id='word_1_160' title='bbox 1414 2772 1620 2840; x_wconf 88' lang='lat' dir='ltr'>quam</span> <span class='ocrx_word' id='word_1_161' title='bbox 1648 2749 1983 2837; x_wconf 83' lang='lat' dir='ltr'>futurum,</span> <span class='ocrx_word' id='word_1_162' title='bbox 2034 2749 2174 2818; x_wconf 80' lang='lat' dir='ltr'>vim·</span> <span class='ocrx_word' id='word_1_163' title='bbox 2200 2773 2282 2819; x_wconf 86' lang='lat' dir='ltr'>ac</span> <span class='ocrx_word' id='word_1_164' title='bbox 2314 2762 2544 2843; x_wconf 48' lang='lat' dir='ltr'>poter</span> 
     </span>
    </p>
   </div>
   <div class='ocr_carea' id='block_1_6' title="bbox 287 2851 2604 4605">
    <p class='ocr_par' dir='ltr' id='par_1_6' title="bbox 287 2851 2604 4605">
     <span class='ocr_line' id='line_1_21' title="bbox 288 2851 2522 2945; baseline 0.002 -25"><span class='ocrx_word' id='word_1_165' title='bbox 288 2862 534 2920; x_wconf 79' lang='lat' dir='ltr'>statem</span> <span class='ocrx_word' id='word_1_166' title='bbox 556 2851 863 2925; x_wconf 82' lang='lat' dir='ltr'>haberet.</span> <span class='ocrx_word' id='word_1_167' title='bbox 962 2853 1410 2945; x_wconf 71' lang='lat' dir='ltr'>Repugnaret</span> <span class='ocrx_word' id='word_1_168' title='bbox 1443 2854 1653 2941; x_wconf 82' lang='lat' dir='ltr'>enim,</span> <span class='ocrx_word' id='word_1_169' title='bbox 1703 2853 1777 2920; x_wconf 87' lang='lat' dir='ltr'>in</span> <span class='ocrx_word' id='word_1_170' title='bbox 1803 2853 2048 2939; x_wconf 83' lang='lat' dir='ltr'>modo,</span> <span class='ocrx_word' id='word_1_171' title='bbox 2103 2853 2221 2942; x_wconf 88' lang='lat' dir='ltr'>qui</span> <span class='ocrx_word' id='word_1_172' title='bbox 2251 2876 2387 2923; x_wconf 88' lang='lat' dir='ltr'>non</span> <span class='ocrx_word' id='word_1_173' title='bbox 2418 2865 2522 2924; x_wconf 79' lang='lat' dir='ltr'>est</span> 
     </span>
     <span class='ocr_line' id='line_1_22' title="bbox 287 2954 2519 3049; baseline 0.002 -27"><span class='ocrx_word' id='word_1_174' title='bbox 287 2954 720 3041; x_wconf 71' lang='grc' dir='ltr'>ἰιιᾶὶειιῑὶνιιε,</span> <span class='ocrx_word' id='word_1_175' title='bbox 771 2955 895 3023; x_wconf 89' lang='lat' dir='ltr'>sed</span> <span class='ocrx_word' id='word_1_176' title='bbox 932 2956 1292 3025; x_wconf 83' lang='lat' dir='ltr'>indicativo</span> <span class='ocrx_word' id='word_1_177' title='bbox 1321 2957 1708 3049; x_wconf 72' lang='lat' dir='ltr'>oppositus,</span> <span class='ocrx_word' id='word_1_178' title='bbox 1762 2956 2075 3025; x_wconf 90' lang='lat' dir='ltr'>eamdem</span> <span class='ocrx_word' id='word_1_179' title='bbox 2103 2956 2242 3024; x_wconf 84' lang='lat' dir='ltr'>vim</span> <span class='ocrx_word' id='word_1_180' title='bbox 2281 2957 2519 3045; x_wconf 86' lang='lat' dir='ltr'>inesse,</span> 
     </span>
     <span class='ocr_line' id='line_1_23' title="bbox 290 3058 2518 3152; baseline 0.001 -25"><span class='ocrx_word' id='word_1_181' title='bbox 290 3081 467 3150; x_wconf 87' lang='lat' dir='ltr'>quae</span> <span class='ocrx_word' id='word_1_182' title='bbox 504 3067 610 3127; x_wconf 81' lang='lat' dir='ltr'>est</span> <span class='ocrx_word' id='word_1_183' title='bbox 652 3059 722 3126; x_wconf 92' lang='lat' dir='ltr'>in</span> <span class='ocrx_word' id='word_1_184' title='bbox 766 3058 1125 3128; x_wconf 82' lang='lat' dir='ltr'>indicativo</span> <span class='ocrx_word' id='word_1_185' title='bbox 1142 3111 1164 3148; x_wconf 86' lang='lat'><strong>‚</strong></span> <span class='ocrx_word' id='word_1_186' title='bbox 1225 3060 1559 3151; x_wconf 90' lang='lat' dir='ltr'>siquidem</span> <span class='ocrx_word' id='word_1_187' title='bbox 1600 3060 1901 3128; x_wconf 81' lang='lat' dir='ltr'>futurum</span> <span class='ocrx_word' id='word_1_188' title='bbox 1935 3067 2171 3152; x_wconf 81' lang='lat' dir='ltr'>aperte</span> <span class='ocrx_word' id='word_1_189' title='bbox 2206 3070 2308 3128; x_wconf 85' lang='lat' dir='ltr'>est</span> <span class='ocrx_word' id='word_1_190' title='bbox 2339 3060 2518 3130; x_wconf 88' lang='lat' dir='ltr'>indi-</span> 
     </span>
     <span class='ocr_line' id='line_1_24' title="bbox 290 3160 2516 3256; baseline 0.001 -26"><span class='ocrx_word' id='word_1_191' title='bbox 290 3163 566 3231; x_wconf 73' lang='lat' dir='ltr'>cativus.</span> <span class='ocrx_word' id='word_1_192' title='bbox 654 3160 1133 3232; x_wconf 83' lang='lat' dir='ltr'>Coniunctivus</span> <span class='ocrx_word' id='word_1_193' title='bbox 1158 3163 1366 3256; x_wconf 75' lang='lat' dir='ltr'>igitur</span> <span class='ocrx_word' id='word_1_194' title='bbox 1398 3186 1484 3232; x_wconf 88' lang='lat' dir='ltr'>eo</span> <span class='ocrx_word' id='word_1_195' title='bbox 1514 3162 1745 3231; x_wconf 81' lang='lat' dir='ltr'>differt</span> <span class='ocrx_word' id='word_1_196' title='bbox 1775 3163 1862 3231; x_wconf 90' lang='lat' dir='ltr'>ab</span> <span class='ocrx_word' id='word_1_197' title='bbox 1898 3162 2256 3231; x_wconf 83' lang='lat' dir='ltr'>indicativo</span> <span class='ocrx_word' id='word_1_198' title='bbox 2285 3164 2516 3251; x_wconf 82' lang='lat' dir='ltr'>futuri,</span> 
     </span>
     <span class='ocr_line' id='line_1_25' title="bbox 289 3264 2518 3359; baseline 0.001 -25"><span class='ocrx_word' id='word_1_199' title='bbox 289 3264 479 3356; x_wconf 79' lang='lat' dir='ltr'>quod</span> <span class='ocrx_word' id='word_1_200' title='bbox 508 3287 652 3333; x_wconf 84' lang='lat' dir='ltr'>non</span> <span class='ocrx_word' id='word_1_201' title='bbox 691 3274 918 3358; x_wconf 83' lang='lat' dir='ltr'>potest</span> <span class='ocrx_word' id='word_1_202' title='bbox 946 3289 1077 3357; x_wconf 89' lang='lat' dir='ltr'>per</span> <span class='ocrx_word' id='word_1_203' title='bbox 1104 3289 1178 3336; x_wconf 85' lang='lat' dir='ltr'>se</span> <span class='ocrx_word' id='word_1_204' title='bbox 1219 3268 1398 3336; x_wconf 88' lang='lat' dir='ltr'>solus</span> <span class='ocrx_word' id='word_1_205' title='bbox 1431 3266 1752 3359; x_wconf 80' lang='lat' dir='ltr'>intelligi,</span> <span class='ocrx_word' id='word_1_206' title='bbox 1804 3265 1964 3348; x_wconf 86' lang='lat' dir='ltr'>sed,</span> <span class='ocrx_word' id='word_1_207' title='bbox 2013 3274 2089 3334; x_wconf 81' lang='lat' dir='ltr'>ut</span> <span class='ocrx_word' id='word_1_208' title='bbox 2127 3267 2350 3358; x_wconf 86' lang='lat' dir='ltr'>ipsum</span> <span class='ocrx_word' id='word_1_209' title='bbox 2388 3290 2518 3336; x_wconf 86' lang='lat' dir='ltr'>no-</span> 
     </span>
     <span class='ocr_line' id='line_1_26' title="bbox 290 3368 2518 3463; baseline 0.001 -26"><span class='ocrx_word' id='word_1_210' title='bbox 290 3392 445 3439; x_wconf 90' lang='lat' dir='ltr'>men</span> <span class='ocrx_word' id='word_1_211' title='bbox 482 3368 742 3437; x_wconf 82' lang='lat' dir='ltr'>indicat</span> <span class='ocrx_word' id='word_1_212' title='bbox 755 3425 783 3458; x_wconf 91' lang='lat'><em>,</em></span> <span class='ocrx_word' id='word_1_213' title='bbox 851 3370 1123 3439; x_wconf 77' lang='lat' dir='ltr'>aliunde</span> <span class='ocrx_word' id='word_1_214' title='bbox 1178 3371 1485 3462; x_wconf 89' lang='lat' dir='ltr'>pendere</span> <span class='ocrx_word' id='word_1_215' title='bbox 1538 3369 1764 3463; x_wconf 68' lang='lat' dir='ltr'>debet.</span> <span class='ocrx_word' id='word_1_216' title='bbox 1868 3368 1954 3438; x_wconf 88' lang='lat' dir='ltr'>ld</span> <span class='ocrx_word' id='word_1_217' title='bbox 1999 3378 2227 3438; x_wconf 86' lang='lat' dir='ltr'>autem</span> <span class='ocrx_word' id='word_1_218' title='bbox 2247 3421 2268 3457; x_wconf 87' lang='lat'>,</span> <span class='ocrx_word' id='word_1_219' title='bbox 2332 3370 2518 3439; x_wconf 89' lang='lat' dir='ltr'>unde</span> 
     </span>
     <span class='ocr_line' id='line_1_27' title="bbox 288 3472 2518 3566; baseline 0.001 -26"><span class='ocrx_word' id='word_1_220' title='bbox 288 3472 569 3565; x_wconf 72' lang='lat' dir='ltr'>pendet,</span> <span class='ocrx_word' id='word_1_221' title='bbox 612 3494 825 3563; x_wconf 88' lang='lat' dir='ltr'>quum</span> <span class='ocrx_word' id='word_1_222' title='bbox 849 3474 1255 3566; x_wconf 87' lang='lat' dir='ltr'>plerumque</span> <span class='ocrx_word' id='word_1_223' title='bbox 1280 3474 1586 3544; x_wconf 83' lang='lat' dir='ltr'>additum</span> <span class='ocrx_word' id='word_1_224' title='bbox 1616 3472 2005 3560; x_wconf 72' lang='lat' dir='ltr'>inveniatur,</span> <span class='ocrx_word' id='word_1_225' title='bbox 2052 3481 2283 3542; x_wconf 85' lang='lat' dir='ltr'>tamen</span> <span class='ocrx_word' id='word_1_226' title='bbox 2308 3496 2518 3566; x_wconf 80' lang='lat' dir='ltr'>saepe</span> 
     </span>
     <span class='ocr_line' id='line_1_28' title="bbox 292 3576 2519 3671; baseline 0 -26"><span class='ocrx_word' id='word_1_227' title='bbox 292 3578 493 3645; x_wconf 82' lang='lat' dir='ltr'>etiam</span> <span class='ocrx_word' id='word_1_228' title='bbox 541 3577 899 3664; x_wconf 81' lang='lat' dir='ltr'>omittitur,</span> <span class='ocrx_word' id='word_1_229' title='bbox 954 3577 1112 3666; x_wconf 89' lang='lat' dir='ltr'>quia</span> <span class='ocrx_word' id='word_1_230' title='bbox 1155 3601 1364 3670; x_wconf 85' lang='lat' dir='ltr'>saepe</span> <span class='ocrx_word' id='word_1_231' title='bbox 1412 3580 1712 3670; x_wconf 82' lang='lat' dir='ltr'>positum</span> <span class='ocrx_word' id='word_1_232' title='bbox 1748 3584 1853 3645; x_wconf 81' lang='lat' dir='ltr'>est</span> <span class='ocrx_word' id='word_1_233' title='bbox 1892 3576 1963 3644; x_wconf 90' lang='lat' dir='ltr'>in</span> <span class='ocrx_word' id='word_1_234' title='bbox 1991 3576 2285 3646; x_wconf 84' lang='lat' dir='ltr'>obscura</span> <span class='ocrx_word' id='word_1_235' title='bbox 2319 3578 2519 3671; x_wconf 86' lang='lat' dir='ltr'>cogi-</span> 
     </span>
     <span class='ocr_line' id='line_1_29' title="bbox 291 3679 2518 3772; baseline 0.001 -24"><span class='ocrx_word' id='word_1_236' title='bbox 291 3680 545 3749; x_wconf 74' lang='lat' dir='ltr'>tatione</span> <span class='ocrx_word' id='word_1_237' title='bbox 586 3680 883 3749; x_wconf 77' lang='lat' dir='ltr'>incertae</span> <span class='ocrx_word' id='word_1_238' title='bbox 926 3681 1201 3751; x_wconf 86' lang='lat' dir='ltr'>alicuius</span> <span class='ocrx_word' id='word_1_239' title='bbox 1235 3704 1548 3771; x_wconf 82' lang='lat' dir='ltr'>caussae,</span> <span class='ocrx_word' id='word_1_240' title='bbox 1600 3703 1685 3750; x_wconf 85' lang='lat' dir='ltr'>ex</span> <span class='ocrx_word' id='word_1_241' title='bbox 1726 3703 1860 3769; x_wconf 87' lang='lat' dir='ltr'>qua</span> <span class='ocrx_word' id='word_1_242' title='bbox 1891 3679 2058 3770; x_wconf 90' lang='lat' dir='ltr'>quid</span> <span class='ocrx_word' id='word_1_243' title='bbox 2086 3680 2518 3772; x_wconf 76' lang='lat' dir='ltr'>proditurum</span> 
     </span>
     <span class='ocr_line' id='line_1_30' title="bbox 293 3783 2520 3877; baseline 0.001 -26"><span class='ocrx_word' id='word_1_244' title='bbox 293 3783 391 3851; x_wconf 71' lang='lat' dir='ltr'>sit.</span> <span class='ocrx_word' id='word_1_245' title='bbox 495 3783 704 3874; x_wconf 88' lang='lat' dir='ltr'>Isque</span> <span class='ocrx_word' id='word_1_246' title='bbox 737 3792 838 3853; x_wconf 78' lang='lat' dir='ltr'>est</span> <span class='ocrx_word' id='word_1_247' title='bbox 857 3806 1014 3853; x_wconf 85' lang='lat' dir='ltr'>usus</span> <span class='ocrx_word' id='word_1_248' title='bbox 1050 3786 1455 3855; x_wconf 78' lang='lat' dir='ltr'>coniunctivi</span> <span class='ocrx_word' id='word_1_249' title='bbox 1482 3784 1979 3870; x_wconf 85' lang='lat' dir='ltr'>deliberativus‚</span> <span class='ocrx_word' id='word_1_250' title='bbox 2030 3793 2106 3852; x_wconf 83' lang='lat' dir='ltr'>ut</span> <span class='ocrx_word' id='word_1_251' title='bbox 2131 3807 2337 3875; x_wconf 87' lang='lat' dir='ltr'>quum</span> <span class='ocrx_word' id='word_1_252' title='bbox 2366 3785 2520 3877; x_wconf 83' lang='lat' dir='ltr'>quis</span> 
     </span>
     <span class='ocr_line' id='line_1_31' title="bbox 295 3883 2517 3986; baseline 0.004 -32"><span class='ocrx_word' id='word_1_253' title='bbox 295 3885 526 3955; x_wconf 80' lang='lat' dir='ltr'>dicit&#39;&#39;</span> <span class='ocrx_word' id='word_1_254' title='bbox 485 3914 617 3977; x_wconf 76' lang='lat' dir='ltr'>tw,</span> <span class='ocrx_word' id='word_1_255' title='bbox 662 3887 854 3978; x_wconf 83' lang='lat' dir='ltr'>quod</span> <span class='ocrx_word' id='word_1_256' title='bbox 896 3896 1027 3975; x_wconf 85' lang='lat' dir='ltr'>est,</span> <span class='ocrx_word' id='word_1_257' title='bbox 1080 3887 1136 3957; x_wconf 87' lang='lat' dir='ltr'>si</span> <span class='ocrx_word' id='word_1_258' title='bbox 1172 3890 1377 3980; x_wconf 91' lang='lat' dir='ltr'>plene</span> <span class='ocrx_word' id='word_1_259' title='bbox 1414 3888 1643 3958; x_wconf 88' lang='lat' dir='ltr'>dicere</span> <span class='ocrx_word' id='word_1_260' title='bbox 1673 3888 1972 3956; x_wconf 80' lang='lat' dir='ltr'>volemus</span> <span class='ocrx_word' id='word_1_261' title='bbox 1990 3938 2012 3975; x_wconf 86' lang='lat'><strong>‚</strong></span> <span class='ocrx_word' id='word_1_262' title='bbox 2064 3883 2517 3986; x_wconf 78' lang='grc' dir='ltr'>οἶμφιςβητω,</span> 
     </span>
     <span class='ocr_line' id='line_1_32' title="bbox 297 3989 2515 4084; baseline -0.001 -23"><span class='ocrx_word' id='word_1_263' title='bbox 297 3992 359 4061; x_wconf 78' lang='grc' dir='ltr'>εἰ</span> <span class='ocrx_word' id='word_1_264' title='bbox 384 3992 492 4062; x_wconf 85' lang='grc' dir='ltr'>ἴω.</span> <span class='ocrx_word' id='word_1_265' title='bbox 596 3991 783 4082; x_wconf 82' lang='lat' dir='ltr'>Apte</span> <span class='ocrx_word' id='word_1_266' title='bbox 811 3993 1188 4083; x_wconf 88' lang='lat' dir='ltr'>comparari</span> <span class='ocrx_word' id='word_1_267' title='bbox 1211 4002 1439 4084; x_wconf 83' lang='lat' dir='ltr'>potest</span> <span class='ocrx_word' id='word_1_268' title='bbox 1470 3992 1723 4083; x_wconf 86' lang='lat' dir='ltr'>duplex</span> <span class='ocrx_word' id='word_1_269' title='bbox 1752 3989 2018 4076; x_wconf 83' lang='lat' dir='ltr'>modus,</span> <span class='ocrx_word' id='word_1_270' title='bbox 2058 4013 2196 4081; x_wconf 87' lang='lat' dir='ltr'>quo</span> <span class='ocrx_word' id='word_1_271' title='bbox 2227 3991 2301 4060; x_wconf 92' lang='lat' dir='ltr'>id</span> <span class='ocrx_word' id='word_1_272' title='bbox 2331 3991 2515 4061; x_wconf 84' lang='lat' dir='ltr'>Ger-</span> 
     </span>
     <span class='ocr_line' id='line_1_33' title="bbox 295 4092 2519 4189; baseline 0.002 -29"><span class='ocrx_word' id='word_1_273' title='bbox 295 4093 473 4161; x_wconf 85' lang='lat' dir='ltr'>mani</span> <span class='ocrx_word' id='word_1_274' title='bbox 504 4092 809 4182; x_wconf 81' lang='lat' dir='ltr'>dicimus,</span> <span class='ocrx_word' id='word_1_275' title='bbox 862 4095 1032 4163; x_wconf 84' lang='lat' dir='ltr'>alter</span> <span class='ocrx_word' id='word_1_276' title='bbox 1068 4119 1224 4164; x_wconf 90' lang='lat' dir='ltr'>cum</span> <span class='ocrx_word' id='word_1_277' title='bbox 1258 4096 1500 4189; x_wconf 79' lang='lat' dir='ltr'>eadem</span> <span class='ocrx_word' id='word_1_278' title='bbox 1526 4095 1783 4187; x_wconf 87' lang='lat' dir='ltr'>ellipsi,</span> <span class='ocrx_word' id='word_1_279' title='bbox 1835 4117 1973 4185; x_wconf 89' lang='lat' dir='ltr'>qua</span> <span class='ocrx_word' id='word_1_280' title='bbox 2002 4093 2274 4182; x_wconf 85' lang='lat' dir='ltr'>Graeci,</span> <span class='ocrx_word' id='word_1_281' title='bbox 2323 4095 2519 4189; x_wconf 65' lang='lat' dir='ltr'>gelre</span> 
     </span>
     <span class='ocr_line' id='line_1_34' title="bbox 296 4194 2604 4292; baseline 0.002 -29"><span class='ocrx_word' id='word_1_282' title='bbox 296 4194 414 4264; x_wconf 73' lang='lat' dir='ltr'>ich</span> <span class='ocrx_word' id='word_1_283' title='bbox 437 4244 463 4281; x_wconf 88' lang='lat'>‚</span> <span class='ocrx_word' id='word_1_284' title='bbox 520 4197 690 4266; x_wconf 80' lang='lat' dir='ltr'>alter</span> <span class='ocrx_word' id='word_1_285' title='bbox 727 4208 994 4267; x_wconf 82' lang='lat' dir='ltr'>servata</span> <span class='ocrx_word' id='word_1_286' title='bbox 1039 4200 1401 4292; x_wconf 74' lang='lat' dir='ltr'>particula,</span> <span class='ocrx_word' id='word_1_287' title='bbox 1455 4208 1524 4268; x_wconf 88' lang='lat' dir='ltr'>et</span> <span class='ocrx_word' id='word_1_288' title='bbox 1564 4198 1777 4267; x_wconf 81' lang='lat' dir='ltr'>verbo</span> <span class='ocrx_word' id='word_1_289' title='bbox 1801 4207 2062 4267; x_wconf 78' lang='lat' dir='ltr'>tantum</span> <span class='ocrx_word' id='word_1_290' title='bbox 2086 4198 2370 4286; x_wconf 87' lang='lat' dir='ltr'>omisso,</span> <span class='ocrx_word' id='word_1_291' title='bbox 2427 4197 2518 4269; x_wconf 78' lang='lat' dir='ltr'>ob</span> <span class='ocrx_word' id='word_1_292' title='bbox 2555 4202 2564 4209; x_wconf 83' lang='lat'><strong>&#39;</strong></span> <span class='ocrx_word' id='word_1_293' title='bbox 2599 4224 2604 4231; x_wconf 73' lang='lat'><em>‘</em></span> 
     </span>
     <span class='ocr_line' id='line_1_35' title="bbox 297 4297 2516 4395; baseline 0.002 -29"><span class='ocrx_word' id='word_1_294' title='bbox 297 4297 413 4368; x_wconf 77' lang='lat' dir='ltr'>ich</span> <span class='ocrx_word' id='word_1_295' title='bbox 442 4300 657 4393; x_wconf 67' lang='lat' dir='ltr'>gelre.</span> <span class='ocrx_word' id='word_1_296' title='bbox 761 4302 867 4370; x_wconf 90' lang='lat' dir='ltr'>Ac</span> <span class='ocrx_word' id='word_1_297' title='bbox 906 4303 1242 4372; x_wconf 83' lang='lat' dir='ltr'>veterrimi</span> <span class='ocrx_word' id='word_1_298' title='bbox 1283 4302 1534 4371; x_wconf 85' lang='lat' dir='ltr'>Graeci</span> <span class='ocrx_word' id='word_1_299' title='bbox 1553 4356 1575 4393; x_wconf 85' lang='lat'><strong>‚</strong></span> <span class='ocrx_word' id='word_1_300' title='bbox 1620 4300 1924 4371; x_wconf 88' lang='lat' dir='ltr'>nondum</span> <span class='ocrx_word' id='word_1_301' title='bbox 1958 4311 2236 4395; x_wconf 82' lang='lat' dir='ltr'>reperto</span> <span class='ocrx_word' id='word_1_302' title='bbox 2264 4302 2516 4388; x_wconf 83' lang='lat' dir='ltr'>futuro,</span> 
     </span>
     <span class='ocr_line' id='line_1_36' title="bbox 299 4403 2515 4496; baseline 0.001 -24"><span class='ocrx_word' id='word_1_303' title='bbox 299 4403 611 4492; x_wconf 81' lang='lat' dir='ltr'>quoniam</span> <span class='ocrx_word' id='word_1_304' title='bbox 659 4403 991 4496; x_wconf 82' lang='lat' dir='ltr'>quidquid</span> <span class='ocrx_word' id='word_1_305' title='bbox 1039 4407 1341 4475; x_wconf 84' lang='lat' dir='ltr'>futurum</span> <span class='ocrx_word' id='word_1_306' title='bbox 1381 4415 1484 4476; x_wconf 81' lang='lat' dir='ltr'>est</span> <span class='ocrx_word' id='word_1_307' title='bbox 1497 4457 1519 4494; x_wconf 86' lang='lat'><strong>‚</strong></span> <span class='ocrx_word' id='word_1_308' title='bbox 1569 4405 1900 4477; x_wconf 83' lang='lat' dir='ltr'>incertum</span> <span class='ocrx_word' id='word_1_309' title='bbox 1950 4415 2053 4474; x_wconf 86' lang='lat' dir='ltr'>est</span> <span class='ocrx_word' id='word_1_310' title='bbox 2070 4458 2090 4495; x_wconf 88' lang='lat'><strong>,</strong></span> <span class='ocrx_word' id='word_1_311' title='bbox 2143 4406 2515 4496; x_wconf 84' lang='lat' dir='ltr'>quaerique</span> 
     </span>
     <span class='ocr_line' id='line_1_37' title="bbox 302 4504 2514 4605; baseline 0.001 -31"><span class='ocrx_word' id='word_1_312' title='bbox 302 4504 388 4575; x_wconf 91' lang='lat' dir='ltr'>de</span> <span class='ocrx_word' id='word_1_313' title='bbox 443 4530 527 4577; x_wconf 87' lang='lat' dir='ltr'>eo</span> <span class='ocrx_word' id='word_1_314' title='bbox 578 4517 786 4601; x_wconf 82' lang='lat' dir='ltr'>atque</span> <span class='ocrx_word' id='word_1_315' title='bbox 827 4509 1087 4604; x_wconf 81' lang='lat' dir='ltr'>ambigi</span> <span class='ocrx_word' id='word_1_316' title='bbox 1134 4519 1364 4605; x_wconf 80' lang='lat' dir='ltr'>potest</span> <span class='ocrx_word' id='word_1_317' title='bbox 1377 4561 1398 4599; x_wconf 86' lang='lat'>‚</span> <span class='ocrx_word' id='word_1_318' title='bbox 1463 4517 1942 4580; x_wconf 80' lang='lat' dir='ltr'>eventurumne</span> <span class='ocrx_word' id='word_1_319' title='bbox 1988 4509 2074 4578; x_wconf 81' lang='lat' dir='ltr'>sit</span> <span class='ocrx_word' id='word_1_320' title='bbox 2118 4531 2204 4579; x_wconf 86' lang='lat' dir='ltr'>an</span> <span class='ocrx_word' id='word_1_321' title='bbox 2245 4531 2383 4578; x_wconf 87' lang='grc' dir='ltr'>ιιοιι</span> <span class='ocrx_word' id='word_1_322' title='bbox 2431 4508 2514 4578; x_wconf 79' lang='lat' dir='ltr'>sit</span> 
     </span>
    </p>
   </div>
  </div>
 </body>
</html>
