3259 5275
909 417 1870 492 ntsssn'rArro.
2372 428 2502 493 27⁶

287 610 414 677 ista
445 608 679 701 opinio
709 607 960 677 debeat
988 608 1340 677 efficiatur.
1449 608 1681 694 Quare
1721 631 1856 677 non
1891 610 2055 679 libet
2092 610 2200 680 his
2251 614 2498 683 irnmo—

286 712 443 782 rari.
549 713 920 804 Regiones,
972 734 1145 802 quas
1173 711 1556 803 Aeschylus
1590 723 1955 798 memorat,
2009 719 2346 788 communi
2372 743 2497 786 an·-

244 839 259 856 ·
286 815 611 905 tiquitatis
654 816 971 909 opinione
1020 815 1109 884 ad
1155 818 1704 908 septemtrionem
1753 825 1822 884 et
1859 817 2281 888 occidentem
2333 823 2498 892 sitae

283 928 516 988 erant:
570 941 683 986 eas
714 920 1061 1010 Aeschylo
1092 919 1162 986 in
1187 922 1512 988 orientem
1543 942 1760 1009 usque
1792 920 1882 1016 ad
1908 920 2201 1011 Libyam
2229 925 2498 993 extendi

284 1024 462 1091 visas
491 1045 641 1091 esse
686 1024 742 1092 si
785 1025 933 1111 quis
972 1023 1300 1091 eiusmodi
1343 1024 1753 1115 argumentis
1806 1024 2200 1105 ostenderit,
2254 1028 2498 1116 quibus

278 1127 672 1218 permoveri
718 1128 978 1218 possint
1018 1128 1063 1194 ii
1077 1176 1098 1213 ,
1151 1127 1266 1216 qui
1304 1150 1431 1194 nec
1475 1127 1745 1195 levitate
1784 1150 1867 1195 ea
1913 1137 2068 1194 sunt
2106 1137 2180 1196 ut
2206 1130 2501 1198 incredi-

278 1231 449 1298 bilia
494 1229 808 1312 credant,
862 1253 986 1298 nec
1026 1224 1397 1299 temeritate
1430 1240 1616 1297 tanta
1646 1244 1720 1298 ut
1766 1253 1942 1320 quae
1981 1231 2125 1298 fieri
2160 1245 2501 1323 nequeunt

277 1333 435 1401 fieri
477 1333 717 1415 velint,
769 1333 823 1402 is
871 1332 1146 1402 demum
1186 1334 1455 1420 vicerit,
1498 1334 1627 1402 iter
1661 1334 1826 1402 illud
1857 1357 1990 1402 non
2027 1357 2157 1425 per
2189 1358 2339 1404 oras
2372 1339 2498 1406 sub

274 1436 628 1527 Aquilone
654 1447 724 1505 et
751 1452 1000 1506 occasu
1039 1438 1193 1506 solis
1220 1439 1510 1505 iacentes
1533 1438 1603 1504 in
1638 1438 2070 1529 Aethiopiam
2103 1449 2310 1528 atque
2339 1440 2496 1509 hinc

273 1540 353 1608 in
399 1539 698 1631 Libyam
755 1541 1042 1609 deflecti.
1144 1540 1228 1608 Id
1279 1541 1484 1633 igitur
1533 1540 1952 1609 demonstret
2000 1550 2273 1632 oportet
2293 1592 2313 1626 ‚
2383 1545 2497 1633 qui

275 1643 686 1734 fragmentis
721 1644 885 1730 illis,
938 1644 1027 1712 de
1054 1645 1299 1733 quibus
1330 1666 1489 1711 mox
1521 1642 1814 1731 dicetur,
1868 1667 2003 1712 non
2033 1645 2260 1713 locum
2292 1647 2497 1716 fuisse

182 1822 187 1827 ,
270 1748 352 1814 ἰιι
380 1745 631 1815 Vincto
657 1747 1069 1816 Prometheo
1095 1749 1279 1816 volet
1293 1746 1671 1818 ostendere.
1721 1748 2010 1817 Accedit
2035 1748 2245 1836 quod,
2287 1773 2497 1839 quum

271 1849 453 1918 Attii
494 1851 979 1935 Prometheus,
1032 1861 1107 1919 ut
1150 1873 1356 1942 supra
1398 1849 1686 1938 dictum,
1740 1874 1875 1919 uon
1928 1874 2012 1919 ex
2051 1851 2294 1920 Soluto
2321 1855 2496 1921 Pro-

271 1951 562 2022 metheo
608 1976 964 2046 expressus
998 1954 1233 2040 fuerit,
1300 1953 1423 2022 sed
1444 2003 1464 2040 ,
1533 1954 1850 2043 quoniam
1897 1953 2318 2044 Aeschylum
2366 1957 2488 2025 ad-

272 2057 682 2125 mirabatur.
693 2058 938 2145 Attius,
991 2080 1075 2125 ex
1102 2058 1347 2126 Vincto
1377 2068 1681 2149 sumptus
1715 2057 2041 2143 videatur,
2093 2080 2323 2127 versus
2360 2060 2493 2144 ille,

273 2161 396 2251 qui
430 2159 613 2228 solus
642 2184 728 2229 ex
758 2184 841 2229 ea
880 2160 1235 2254 tragoedia
1264 2170 1605 2252 superest,
1660 2161 1937 2229 mirifice
1969 2184 2124 2229 cum
2153 2162 2276 2230 illis
2306 2164 2496 2255 apud

273 2263 626 2332 Galenum
653 2263 1041 2357 fragmentis
1072 2264 1430 2356 conspirat.
1536 2262 1662 2329 Est
1692 2274 1914 2332 autem
1943 2264 2077 2347 hic,
2130 2264 2316 2355 apud
2343 2268 2492 2334 No-

267 2368 465 2435 nium
504 2389 567 2434 v,
600 2368 818 2460 gelus
861 2390 931 2459 p.
976 2365 1162 2452 208,
1219 2367 1283 2434 1.
1339 2375 1408 2435 et
1442 2366 1853 2437 priscianum
1903 2368 2018 2436 Vl.
2054 2389 2124 2457 p.
2169 2363 2341 2438 685.
2378 2371 2492 2459 qui

272 2479 438 2541 tum
465 2469 742 2541 omittit:

619 2633 771 2696 tum
787 2621 1486 2720 profimeflantae'ne
1521 2621 1823 2693 hiberno
1856 2624 2092 2717 gelus.

268 2780 412 2849 vix
439 2779 622 2848 enim
652 2779 840 2848 credi
866 2788 1117 2871 potest,
1168 2778 1305 2847 hoc
1336 2776 1592 2848 Attium
1621 2778 1928 2869 posuisse
1954 2800 2087 2870 pro
2111 2779 2333 2848 verbis
2359 2802 2490 2870 pa—

267 2906 429 2952 rum
468 2882 810 2971 similihm,
862 2904 1039 2972 quae
1069 2882 1257 2974 apud
1292 2881 1708 2974 Aeschylum
1735 2890 1888 2948 suut
1914 2902 1976 2951 v,
2014 2879 2128 2948 17.
2161 2891 2275 2948 aut
2310 2880 2485 2955 992.

491 2986 636 3055 Sed
686 2986 1047 3055 dicendum
1089 2994 1191 3054 est
1232 2986 1433 3054 etiam
1487 2986 1577 3054 de
1617 2986 1828 3053 alteru
1868 2984 2208 3054 sententia.
2311 2985 2489 3051 Nam

268 3112 497 3183 quum
530 3089 780 3158 Strabo
823 3112 907 3159 eo
951 3090 1145 3173 loco,
1198 3111 1336 3179 quo
1375 3111 1653 3181 pugnae
1682 3086 1996 3155 Herculis
2027 3108 2184 3154 cum
2214 3086 2488 3178 Liguri-

267 3196 407 3263 bus
441 3215 530 3261 ex
555 3192 900 3286 Aeschylo
934 3193 1345 3261 mentionem
1372 3192 1569 3281 facit,
1620 3200 1854 3259 ventos
1894 3189 2486 3281 impetuosissimos

269 3305 771 3366 commemoret
816 3297 932 3387 qui
972 3318 1124 3364 eam
1171 3297 1523 3389 regionem
1567 3295 1891 3385 perflant,
1960 3292 2488 3391 eorumdemque

268 3410 637 3470 ventorum
669 3401 767 3467 vis
797 3400 866 3473 in
892 3399 1283 3491 fragmentis
1309 3396 1435 3467 illis
1466 3396 1651 3490 apud
1681 3396 2018 3464 Galenum
2051 3395 2489 3481 describatur,

268 3501 631 3573 fatendum
667 3511 767 3571 est
790 3513 928 3570 tam
958 3504 1137 3571 bene
1170 3502 1345 3571 haec
1376 3522 1756 3592 congruere
1776 3549 1797 3588 ‚
1850 3508 1926 3566 ut
1952 3499 2221 3566 minime
2258 3499 2488 3591 inepta

268 3607 359 3678 sit
394 3607 784 3674 coniectura
814 3601 1047 3675 eorum
1066 3654 1086 3688 ‚
1140 3607 1256 3697 qui
1283 3606 1664 3697 fragmenta
1699 3603 1825 3672 ista
1849 3601 1939 3669 ad
1974 3601 2285 3670 Solutum
2310 3603 2488 3672 Pro-

267 3709 630 3780 metheum
662 3709 1019 3778 referenda
1038 3720 1455 3777 censuerunt.
1507 3706 1818 3793 Manebit
1849 3705 2053 3797 igitur
2072 3705 2488 3797 ambiguum,

267 3837 359 3883 ex
390 3823 548 3880 utra
572 3814 703 3880 sint
731 3812 963 3881 fabula
1003 3813 1213 3906 petita
1234 3864 1253 3899 ‚
1306 3811 1525 3881 donec
1561 3820 1676 3878 aut
1704 3808 1886 3878 aliud
1919 3819 2262 3900 repertum
2292 3808 2491 3877 fuerit

266 3917 772 3998 testimonium,
838 3926 955 3984 aut
1012 3914 1402 3984 ostendatur
1445 3939 1487 3984 a
1527 3914 1770 3982 vincto
1824 3935 1971 3980 esse
2018 3910 2488 3981 abiudicanda.

266 4019 425 4091 Sed
454 4018 675 4087 volo
655 4042 790 4087 lam
823 4019 973 4111 ipsa
1003 4018 1285 4105 afferre,
1336 4030 1699 4111 postquam
1736 4014 2156 4107 adscripsero
2191 4037 2367 4103 quae
2399 4015 2488 4083 de

266 4123 492 4192 ventis
519 4122 645 4190 illis
672 4121 924 4192 Strabo
949 4146 1027 4215 p.
1056 4121 1224 4190 182.
1275 4122 1516 4191 refert.
1571 4118 1819 4193 ἅπασα
1853 4119 1991 4209 μὲν
2023 4113 2155 4191 οὖν
2183 4116 2226 4214 ἠ
2256 4144 2480 4211 υπερ-

266 4227 575 4321 κειμένη
617 4253 814 4320 χωρα
862 4219 1301 4348 προςήνεμός
1347 4229 1544 4311 ἐστι,
1602 4214 2094 4318 διαφερόντως
2138 4216 2213 4290 δ’
2258 4222 2356 4300 εἰς
2397 4247 2484 4290 το

266 4327 533 4402 πεδίον
580 4328 805 4400 τοῦτο
856 4322 1401 4450 μελαμβόρειον
1445 4324 1844 4418 καταιγίζει
1889 4323 2175 4412 πνεῦμα
2237 4321 2486 4413 βίαιον

265 4429 397 4503 καὶ
438 4431 809 4526 φρικῶδες.
865 4433 1046 4527 φασὶ
1070 4430 1247 4523 γοῦν
1279 4424 1636 4527 oveco-9025
1666 4426 1786 4499 καὶ
1815 4428 2309 4499 κυλινδεῖσθαι
2340 4451 2487 4495 των

1948 4545 2072 4614 S*
