3259 5275
324 1571 476 1669 DE
538 1573 1554 1669 lecmPTIONIBvs
1624 1572 2340 1706 QvlssvsDAM

1011 1728 1543 1821 GRAECIS.
1578 1730 1673 1849 *)

253 2222 333 2326 In
385 2255 783 2327 lectionibus
834 2256 1297 2347 Academicis,
1365 2279 1533 2348 quas
1586 2277 1794 2348 super
1844 2264 1988 2323 arte
2041 2256 2271 2325 critica
2321 2255 2451 2324 ha-

255 2363 519 2453 bebam,
586 2384 800 2452 quum
839 2357 928 2428 ad
973 2384 1131 2430 eum
1167 2361 1396 2430 locum
1432 2360 1891 2453 pervenissem
1928 2361 2043 2450 qui
2083 2359 2173 2429 de
2213 2361 2452 2429 inscri-

256 2466 574 2558 ptionibus
614 2466 688 2533 in
739 2465 1186 2533 monumentis
1231 2472 1367 2551 est,
1435 2464 1819 2554 vellemque
1861 2463 2025 2554 quid
2072 2464 2138 2532 in
2182 2485 2268 2533 eo
2323 2488 2452 2558 ge-

258 2592 404 2638 nere
442 2568 942 2639 observandum
995 2579 1171 2638 esset
1226 2569 1541 2661 exemplo
1594 2568 1821 2658 aliquo
1874 2567 2230 2638 ostendere
2247 2621 2267 2658 ‚
2328 2590 2452 2638 ve·-

258 2684 476 2743 nerunt
524 2674 594 2742 in
636 2681 934 2743 mentem
984 2673 1323 2743 mirabiles
1371 2674 1467 2740 illi
1517 2670 1911 2769 ταχείριοι,
1962 2694 2131 2764 quos
2181 2672 2250 2740 in
2289 2696 2455 2741 cen-

259 2799 398 2845 sura
456 2777 789 2870 Syllogae
854 2778 1418 2870 epigrammatum
1489 2774 1915 2844 Graecorum
1981 2800 2023 2844 a
2088 2774 2454 2845 Welckero

260 2880 465 2950 editae
503 2882 887 2974 attigeram.
969 2879 1175 2949 Istam
1226 2881 1434 2974 igitur
1464 2879 2000 2971 inscriptionem,
2046 2879 2195 2970 (est
2230 2889 2457 2949 autem

258 3006 522 3054 numero
559 2983 956 3075 centesima)
985 3007 1192 3074 quam
1219 2992 1364 3051 tum
1398 2984 1617 3052 obiter
1646 3006 1773 3052 nec
1811 2980 1902 3051 de'
1942 2982 2264 3051 industria
2295 3007 2453 3051 con-

260 3086 715 3177 sideraveram,
767 3086 858 3154 ad
909 3110 1066 3156 eum
1115 3110 1311 3156 usum
1361 3086 1691 3155 adhibere
1742 3086 2073 3176 constitui,
2135 3085 2300 3154 nihil
2342 3109 2455 3154 re-

261 3189 426 3260 ferre
475 3202 698 3278 ratus,
764 3174 884 3259 seu
932 3200 1168 3283 posset
1226 3214 1346 3263 seu
1390 3213 1525 3260 non
1575 3199 1813 3282 posset
1855 3189 2193 3281 explicari.
2299 3190 2459 3257 Non

262 3295 424 3362 enim
471 3297 633 3364 artis
678 3286 947 3363 criticae
1000 3303 1102 3363 est
1144 3316 1229 3363 ex
1277 3292 1490 3362 nihilo
1540 3293 1793 3382 aliquid
1842 3291 2262 3385 producere,
2335 3292 2458 3360 sed

261 3396 500 3484 videre,
549 3399 852 3492 possitne
903 3397 1157 3487 aliquid
1198 3421 1288 3466 an
1322 3420 1459 3465 non
1498 3396 1661 3481 erui,
1715 3407 1802 3481 et,
1854 3398 1908 3465 si
1959 3395 2232 3485 aliquid,
2290 3394 2458 3486 quid

260 3498 410 3569 illud
460 3526 607 3572 esse
660 3524 822 3570 sana
873 3510 941 3570 et
990 3500 1218 3570 sobria
1265 3500 1434 3569 ratio
1485 3500 1824 3595 probabili
1881 3500 2457 3593 argumentatione

262 3605 529 3680 evincat.
621 3605 859 3697 ltaque
910 3627 1121 3696 quum
1170 3605 1413 3673 librum
1430 3654 1451 3692 ‚
1521 3627 1606 3672 ex
1656 3626 1798 3695 quo
1850 3612 2120 3696 sumpta
2184 3611 2285 3671 est
2348 3603 2458 3671 illa

260 3706 587 3801 inscriptio
605 3757 626 3794 ‚
675 3710 903 3801 ipsum
953 3709 1390 3801 inspicerem,
1445 3706 1653 3797 quod,
1699 3730 1910 3798 quum
1962 3729 2314 3776 censuram
2375 3707 2463 3774 il-

261 3808 386 3878 lam
422 3813 821 3903 scribebam,
874 3822 951 3881 ut
986 3813 1279 3882 alienum
1330 3835 1371 3879 a
1415 3810 1692 3879 consilio
1736 3834 1892 3880 meo
1930 3832 2070 3879 non
2126 3810 2461 3879 feceramz

264 3912 559 3984 volebam
612 3919 792 3986 enim
839 3917 955 3986 illo
1008 3925 1315 4009 tempore
1369 3914 1715 3983 dumtaxat
1765 3914 1853 3983 de
1893 3914 2229 3983 vocabulo
2273 3914 2462 4005 quod

263 4014 646 4089 Welckerus
670 4020 1026 4090 invenisset
1059 4019 1326 4089 dicere:
1379 4018 1602 4088 statim
1637 4018 2077 4089 animadverti
2116 4018 2457 4109 aliquanto

425 4320 486 4405 *)
531 4326 885 4388 Germanice
915 4326 1147 4407 scripta
1190 4322 1340 4384 haec
1385 4321 1758 4405 prodierunt·
1778 4322 1842 4383 in
1887 4321 2078 4383 Iahnii
2131 4321 2462 4382 Annalibus

269 4425 317 4467 ⁸·
350 4407 529 4477 1829.
574 4408 802 4474 vol.11.
838 4413 986 4477 fasc.
1012 4413 1091 4475 Π.
1137 4431 1199 4491 p.
1226 4414 1373 4477 209.
1404 4429 1569 4490 seqq.
1608 4417 1669 4471 et
1708 4410 1892 4475 1830.
1921 4409 2044 4469 vol.
2080 4408 2158 4471 11.
2193 4408 2338 4468 fasc.
2367 4407 2465 4470 Ν.

267 4509 323 4568 Ρ·
360 4494 501 4562 455.
528 4516 696 4579 seqq.
