3259 5275
726 414 901 556 ,ια’
1460 446 1579 509 ns
1644 414 2204 512 PAR'mcthA
2246 442 2337 512 ἂν

773 641 871 710 sic
915 662 1064 709 esse
1106 636 1656 731 intelligendum,
1709 638 1785 711 εἴ
1816 664 2010 719 τινες
2050 637 2395 738 φέροιεν,
2448 629 2582 712 δύο
2616 665 2701 735 7⁶
2736 634 2827 713 οὔ
2856 638 2986 736 φέ-

774 771 975 843 ροιεν
987 798 1018 834 ,
1069 741 1239 811 illud
1268 751 1495 811 autem
1523 740 1718 811 Iliad.
1756 769 1825 813 α.
1856 738 2037 811 271.

1808 891 2113 967 κείνοισι
2146 888 2219 967 δ’
2253 890 2346 967 ἄν
2380 889 2583 976 οὔτις

845 995 1062 1088 τῶν,
1114 1002 1196 1070 οἲ
1219 996 1352 1072 νῦν
1376 995 1642 1091 βροτοὶ
1666 995 1845 1070 εἰσὶν
1871 990 2333 1089 ἐπιχθόνιοι,
2383 997 2781 1090 μαχέοιτο,

770 1177 905 1224 non
938 1150 1239 1245 potuisse
1278 1150 1525 1219 omissa
1570 1150 1902 1244 particula
1944 1147 2118 1234 dici,
2167 1148 2328 1240 quia
2354 1150 2452 1218 sic
2485 1159 2601 1218 aut
2627 1149 2766 1220 hoc
2799 1148 2993 1241 cogi-

768 1266 1043 1341 taretur,
1100 1256 1174 1326 εἴ
1204 1279 1319 1333 τις
1351 1246 1700 1345 μάχοιτο,
1751 1250 1952 1334 οὔτις
1984 1245 2306 1344 μάχοιτο
2353 1251 2678 1334 ἐκείνοις,
2735 1262 2854 1322 aut
2883 1252 2994 1322 hic

770 1383 998 1431 sensus
1031 1355 1375 1450 prodiret,
1428 1358 1503 1428 εἴ
1539 1382 1654 1438 τις
1686 1350 2010 1450 μα’χοιτο
2040 1353 2373 1443 ἐκείνοις,
2427 1354 2630 1437 οὔτις
2671 1350 2991 1448 μάχοιτο

769 1462 1107 1549 ἐκείνοις,
1158 1481 1363 1529 nemo
1395 1481 1533 1528 non
1560 1458 1747 1529 videt
1771 1459 1866 1527 ita
1906 1459 2323 1551 disputatum
2353 1481 2501 1529 esse
2525 1507 2547 1545 ‚
2598 1468 2713 1545 ut,
2765 1458 2993 1552 prouti

768 1567 918 1658 quis
958 1563 1151 1650 velit,
1204 1572 1323 1631 aut
1356 1585 1440 1631 ex
1462 1562 1694 1654 priore
1724 1563 1880 1633 loco
1915 1562 2373 1631 demonstrare
2401 1562 2638 1656 possit,
2688 1562 2760 1630 in
2780 1564 2994 1631 altero

768 1667 1130 1739 delendam
1165 1689 1313 1735 esse
1345 1666 1782 1758 particulam,
1834 1673 1950 1733 aut
1991 1688 2077 1734 ex
2104 1665 2406 1736 secundo
2434 1668 2594 1735 loco
2632 1665 2995 1735 ostendere

767 1770 1152 1843 addendam
1165 1769 1448 1839 fuissein
1464 1769 1714 1861 priore.
1765 1770 2018 1838 Namsi
2046 1768 2290 1837 eodem
2306 1770 2539 1858 modo,
2570 1791 2711 1859 quo
2739 1768 2830 1838 de
2855 1768 2993 1838 hoc

763 1875 1141 1971 posteriore
1164 1874 1322 1943 loco
1351 1873 1596 1958 statuit,
1644 1873 1951 1965 priorem
1974 1872 2399 1964 interpretari
2426 1872 2770 1958 volemus,
2823 1872 2992 1941 duas

762 1979 1167 2051 habebimus
1178 1998 1531 2069 perversas
1548 1976 1925 2068 sententias,
1955 1985 2070 2043 aut
2086 1977 2159 2046 εἴ
2163 2002 2355 2057 τινες
2370 1977 2693 2096 φέροιενζ
2714 1972 2995 2056 οὔτινος

766 2084 1082 2179 φέ,ροιεν
1108 2090 1224 2149 aut
1239 2083 1306 2153 εἰ
1331 2072 1461 2153 δύο
1488 2105 1570 2172 γε
1586 2081 1907 2176 φέροιεν,
1940 2105 2028 2151 ου
2012 2070 2179 2150 ’δύο
2193 2105 2273 2172 γε
2290 2080 2617 2176 φέροιεν·
2641 2078 2992 2171 sinposte-

760 2189 1009 2257 riorem
1030 2186 1255 2253 locum
1275 2205 1359 2252 eo
1383 2181 1620 2271 modo,
1674 2206 1813 2272 quo
1841 2182 1930 2251 de
1956 2181 2186 2273 priore
2214 2183 2428 2267 sentit,
2481 2181 2991 2274 explicabimus,

760 2300 947 2360 recte
962 2290 1075 2357 ille
1089 2310 1162 2356 se
1172 2286 1475 2371 habebit,
1506 2294 2000 2376 evanescetque
2017 2307 2224 2374 quam
2237 2285 2599 2354 omissione
2618 2286 2991 2377 particulae

759 2394 944 2463 nasci
965 2399 1163 2485 putat
1188 2388 1732 2514 perversitatem:
1779 2391 1852 2462 εἴ
1873 2415 1997 2469 τις
2020 2382 2341 2508 μάχοιτο
2370 2387 2704 2470 ἐκείνοις,
2762 2386 2856 2461 οὔ
2879 2414 2994 2470 τις

759 2496 909 2570 τῶν
939 2494 1068 2568 νῦν
1108 2485 1449 2585 μάχοιτο.
1555 2491 1701 2560 Cur
1746 2492 1924 2561 enim
1964 2513 2176 2582 quum
2208 2492 2277 2559 in
2305 2491 2520 2561 altero
2557 2491 2712 2560 loco
2742 2498 2991 2585 urgeat

760 2598 1064 2669 additum
1096 2594 1563 2689 praedicatum
1599 2587 1732 2670 δύο
1774 2623 1855 2691 γε
1874 2647 1896 2687 ,
1948 2593 2099 2681 hic,
2150 2594 2270 2663 ubi
2301 2595 2606 2664 additum
2651 2604 2755 2665 est
2786 2596 2989 2665 etiam

760 2701 1268 2796 sigruificantiu3‚
1334 2699 1482 2773 τοῖν
1530 2705 1613 2774 οἲ
1648 2698 1776 2772 νῦν
1814 2697 2077 2793 βροτοι
2114 2697 2293 2772 εἰσὶν
2340 2691 2804 2789 ἐπιχθόνιοι,
2855 2722 2988 2792 pro

709 2895 712 2896 ᾗ
758 2829 898 2876 ιιοιι
944 2803 1177 2873 addito
1219 2803 1432 2871 habet
1445 2802 1481 2871 ?
1530 2801 1844 2895 Denique
1886 2800 2050 2895 quid
2092 2800 2339 2872 talibus
2378 2803 2537 2894 fiet,
2598 2803 2804 2893 quale
2849 2803 2989 2874 hoc

758 2920 901 2998 est,
953 2906 1146 2984 Iliad.
1186 2933 1261 3003 φ.
1300 2904 1475 2979 2Ἱ4.

1802 3058 2057 3134 ἔπειτα
2088 3055 2166 3133 δὲ
2189 3054 2314 3130 καί
2343 3084 2421 3130 τι
2456 3051 2787 3149 πάθοιμι
2802 3086 2833 3152 ,·

758 3213 965 3302 Quod
999 3235 1084 3283 ex
1115 3210 1324 3306 ipsius
1352 3219 1729 3304 praecepto
1756 3234 1968 3301 quum
2005 3212 2102 3280 sic
2136 3209 2716 3304 interpretandum
2747 3211 2867 3298 sit,
2922 3211 2998 3284 εἴ

755 3346 835 3392 τι
874 3313 1248 3409 πάθοιμι,
1299 3310 1628 3406 πάθοιμί
1665 3343 1782 3400 τι,
1833 3314 2001 3406 quid
2027 3315 2098 3384 id
2131 3315 2314 3383 aliud
2354 3322 2491 3402 est,
2546 3336 2750 3404 quam
2796 3313 2991 3405 quod

751 3421 824 3489 in
885 3421 1194 3489 omnibus
1246 3419 1610 3487 verborum
1664 3418 1885 3489 modis
1931 3419 2157 3487 locum
2202 3416 2464 3486 habet?
2532 3418 2714 3485 Nam
2780 3418 2987 3487 etiam

753 3517 1005 3614 πάσχω
1054 3522 1219 3614 quid
1258 3522 1442 3591 aliud
1488 3532 1590 3590 est
1628 3545 1836 3612 quam
1865 3515 2116 3612 ποῖοχω
2155 3522 2227 3593 εἰ
2254 3513 2561 3610 πάσχωῖ
2603 3520 2844 3612 Itaque
2891 3521 2986 3591 sic

751 3627 978 3719 potius
1037 3624 1548 3694 existimandum
1597 3634 1733 3712 est,
1803 3626 1988 3693 nudo
2043 3623 2342 3717 optativo
2390 3624 2781 3716 opinionem
2841 3625 2985 3693 sine

627 3713 636 3724 ’
755 3728 1172 3814 conditione,
1225 3728 1525 3821 optativo
1556 3750 1713 3795 cum
1735 3728 2065 3819 particula
2093 3725 2186 3799 ἄν
2217 3735 2444 3795 autem
2472 3749 2869 3818 suspensam
2900 3747 2985 3796 ex

753 3831 1134 3900 conditione
1163 3831 1388 3921 aliqua
1415 3830 1801 3923 opinionem
1834 3831 2219 3924 significari.
2322 3829 2543 3921 quue
2575 3829 2744 3898 vidit
2779 3832 2981 3899 etiam

748 3934 1083 4003 Matthiae
1108 3934 1195 4003 ad
1223 3935 1458 4026 Eurip.
1484 3933 1774 4027 Hippol.
1803 3933 1977 4005 468.
2043 3933 2272 4024 Atque
2298 3933 2415 4001 illa
2448 3932 2727 4023 quidem
2756 3933 2981 4003 forma

751 4037 930 4131 epici
957 4038 1377 4130 potissimum
1407 4046 1560 4106 sunt
1587 4037 1714 4110 usi.
1820 4036 2160 4106 Homerus
2191 4034 2331 4111 od.
2356 4065 2422 4131 y.
2464 4034 2640 4108 231.

852 4183 1013 4289 ρὲἲα
1047 4182 1222 4270 θοός
1246 4185 1321 4282 γ’
1348 4190 1621 4264 ἐθέλων
1652 4187 1774 4263 καὶ
1804 4182 2123 4287 τηλόθεν
2153 4186 2386 4287 ἄνδρα
2420 4182 2722 4294 σαοῖοαι.

747 4344 927 4415 Vide
980 4343 1236 4412 ibidem
1287 4338 1462 4416 319.
1518 4352 1576 4426 ε.
1630 4340 1801 4410 122.
1853 4369 1926 4414 π.
1987 4340 2160 4410 386.
2213 4341 2407 4415 Iliad.
2459 4371 2522 4416 οι.
2573 4339 2747 4411 246.
2802 4336 2975 4411 556.

747 4475 811 4521 ο.
849 4443 974 4522 45.
1015 4444 1181 4517 19⁶6.
1235 4473 1305 4520 τ.
1343 4442 1518 4519 321.
1575 4474 1652 4544 φ.
1694 4444 1869 4519 2Ή.
1925 4474 2000 4519 ω.
2042 4444 2216 4520 213.
2284 4446 2443 4517 Duo
2471 4445 2671 4516 huius
2706 4447 2976 4541 generis
