3259 5275
530 1535 713 1623 DE
776 1534 1592 1628 PARTICVLA
1653 1542 1763 1619 ἆ,
1818 1536 2192 1626 LIBRI
2250 1513 2527 1660 1v.*‘)

925 1966 1409 2040 LIBER
1509 1965 2146 2039 PRIMVS.

1482 2158 1534 2229 1.

620 2304 752 2374 De
794 2306 1175 2402 origine
1204 2309 1926 2405 particularum
1975 2305 2083 2382 ἄν
2134 2315 2220 2377 et
2266 2308 2441 2382 κέν.

422 2455 575 2562 De
623 2514 747 2562 usu
800 2497 1282 2586 particularum
1326 2497 1420 2572 ἄν
1479 2507 1549 2568 et
1595 2498 1717 2572 κέν
1765 2496 1888 2567 etsi
1927 2519 1970 2564 a
2012 2496 2236 2565 multis
2278 2504 2381 2564 est
2432 2504 2636 2588 atque

425 2594 823 2666 doctissimis
855 2599 1008 2670 viris
1038 2604 1148 2670 vel
1173 2601 1536 2696 separatim
1570 2602 1680 2671 vel
1710 2602 1829 2671 ubi
1865 2601 2131 2669 occasio
2157 2599 2367 2670 ferret
2400 2600 2635 2694 dispu-

424 2709 638 2768 tatum
657 2748 680 2786 ,
730 2710 954 2772 tamen
984 2704 1156 2774 haec
1185 2717 1325 2776 tam
1351 2707 1744 2775 inexhausta
1770 2705 2048 2774 materia
2099 2714 2235 2794 est,
2286 2712 2362 2772 ut
2412 2728 2635 2795 neque

423 2803 522 2872 illi
551 2825 687 2871 non
720 2815 836 2885 aut
871 2811 1439 2899 praetermiserint
1477 2811 1708 2896 multa,
1759 2810 1886 2877 alia
1929 2817 2155 2876 autem
2197 2807 2413 2877 minus
2452 2820 2635 2878 recte

425 2906 898 2998 explicuerint,
953 2934 1081 2979 nec
1098 2965 1118 3002 ,
1172 2914 1226 2981 si
1256 2914 1401 3005 quis
1441 2913 1667 2981 denuo
1709 2913 1783 2980 id
1812 2911 2063 3004 negotii
2100 2911 2445 3002 suscipiat,
2496 2932 2635 2981 non

422 3009 608 3078 idem
634 3012 761 3078 sibi
780 3034 1052 3104 quoque
1081 3027 1476 3085 eventurum
1503 3016 1749 3101 videat,
1802 3015 2198 3106 praesertim
2216 3036 2420 3104 quum
2448 3010 2633 3083 diffi-

425 3112 640 3181 cultas
682 3115 781 3182 rei
828 3117 1224 3187 immensum
1279 3130 1601 3211 quantum
1643 3127 1970 3210 augeatur
2022 3116 2333 3184 codicum
2379 3116 2633 3186 discre-

421 3217 656 3308 pantia
697 3227 764 3286 et
812 3224 1260 3313 corruptione.
1363 3222 1572 3308 Quod
1622 3223 1677 3290 si
1717 3244 1851 3314 ego
1883 3220 1968 3290 E.
2006 3219 2098 3288 H.
2135 3218 2455 3304 Barkeri,
2513 3220 2634 3289 viri

424 3319 593 3387 mihi
630 3322 1048 3410 amicissimi,
1099 3336 1344 3418 rogatu
1373 3326 1620 3394 adduci
1649 3347 1758 3393 me
1796 3345 2028 3415 passus
2065 3344 2246 3403 sum,
2297 3332 2373 3389 ut
2411 3321 2498 3390 de
2527 3322 2632 3391 his

422 3424 766 3515 particulis
793 3428 1177 3515 scriberem,
1209 3454 1291 3498 ea
1312 3429 1383 3498 id
1412 3440 1639 3507 mente
1665 3428 1819 3514 feci,
1864 3435 1940 3495 ut
1962 3426 2177 3518 magis
2195 3424 2635 3493 fundamenta

422 3527 646 3609 iacere
682 3527 1047 3617 doctrinae,
1099 3556 1235 3622 qua
1260 3532 1500 3601 harum
1537 3533 1706 3600 ratio
1745 3529 2223 3621 particularum
2268 3529 2635 3597 continere-

422 3639 537 3697 tur
550 3679 572 3712 ‚
627 3652 833 3720 quam
863 3635 1108 3719 omnia,
1160 3659 1335 3726 quae
1375 3632 1797 3728 explananda
1826 3657 1973 3705 esse
1998 3631 2462 3725 intelligerem,
2512 3654 2632 3700 ac-

425 3742 655 3802 curate
712 3745 1127 3829 pertractare
1175 3739 1344 3808 mihi
1396 3759 1874 3833 proponerem.
1973 3734 2429 3826 Quamquam'
2456 3735 2633 3804 enim
2743 3787 2748 3793 .

589 4038 667 4124 *)
754 4041 918 4104 Editi
969 4053 1113 4106 sunt
1156 4043 1351 4125 primo
1390 4045 1454 4104 in
1504 4043 1691 4105 Diarii
1738 4039 1987 4102 Classici
2040 4037 2243 4103 fascic.
2283 4038 2634 4099 LXVIII—-

423 4126 668 4190 Lxxu.
713 4150 768 4189 a.
820 4134 1007 4196 1826.
1052 4134 1236 4197 1827.
1275 4130 1491 4191 deinde
1527 4131 1589 4190 in
1631 4129 1898 4190 editione
1939 4123 2296 4185 Londinensi
2338 4122 2634 4183 Thesauri

421 4211 833 4293 Stephaniani.
920 4215 1243 4296 opusculis
1282 4215 1449 4277 hisce
1487 4214 1748 4276 inserere
1777 4213 2087 4274 volueram
2116 4210 2326 4269 multis
2356 4208 2419 4268 in
2447 4206 2632 4287 parti-

420 4297 533 4357 bus
566 4309 779 4359 auctos
809 4311 990 4381 atque
1022 4322 1097 4361 ex
1133 4302 1382 4362 materia
1425 4321 1601 4380 quam
1647 4299 1790 4361 salia
1832 4296 2092 4377 amplam
2132 4292 2631 4390 paratam-habeo

420 4383 859 4466 locupletatum
919 4386 1024 4448 sed
1062 4387 1165 4447 ubi
1201 4387 1465 4468 comperi
1506 4385 1774 4448 certatim
1804 4383 1969 4465 typis
2004 4382 2329 4463 repetitum
2357 4379 2430 4439 iri
2464 4377 2632 4474 illam

422 4468 744 4531 editionem
783 4471 1109 4550 Thesauri,
1153 4474 1338 4533 abieci
1375 4472 1497 4533 hoc
1528 4469 1877 4550 consilium,
1923 4488 2001 4528 ne
2028 4467 2162 4549 quis
2185 4485 2315 4525 mea
2345 4482 2528 4544 opera
2565 4481 2629 4520 in

416 4554 527 4617 ista
557 4556 962 4620 aemulatione
991 4558 1362 4622 abuteretur.

2063 4652 2218 4723 ΑΖ
