<?xml version="1.0" encoding="UTF-8"?>
<!DOCTYPE html PUBLIC "-//W3C//DTD XHTML 1.0 Transitional//EN"
    "http://www.w3.org/TR/xhtml1/DTD/xhtml1-transitional.dtd">
<html xmlns="http://www.w3.org/1999/xhtml" xml:lang="en" lang="en">
 <head>
  <title>
</title>
<meta http-equiv="Content-Type" content="text/html;charset=utf-8" />
  <meta name='ocr-system' content='tesseract 3.04.00' />
  <meta name='ocr-capabilities' content='ocr_page ocr_carea ocr_par ocr_line ocrx_word'/>
</head>
<body>
  <div class='ocr_page' id='page_1' title='image "./godofrediherman03fritgoog_0095.png"; bbox 0 0 3259 5275; ppageno 0'>
   <div class='ocr_carea' id='block_1_1' title="bbox 999 476 2527 554">
    <p class='ocr_par' dir='ltr' id='par_1_1' title="bbox 999 476 2527 554">
     <span class='ocr_line' id='line_1_1' title="bbox 999 476 2527 554; baseline 0.01 -16"><span class='ocrx_word' id='word_1_1' title='bbox 999 476 1179 541; x_wconf 86' lang='lat' dir='ltr'><strong>LIB.</strong></span> <span class='ocrx_word' id='word_1_2' title='bbox 1222 478 1304 547; x_wconf 87' lang='grc' dir='ltr'>Π.</span> <span class='ocrx_word' id='word_1_3' title='bbox 1395 479 1592 545; x_wconf 79' lang='grc' dir='ltr'><strong>ΟΑΡ.</strong></span> <span class='ocrx_word' id='word_1_4' title='bbox 1644 484 1705 549; x_wconf 81' lang='grc'>2.</span> <span class='ocrx_word' id='word_1_5' title='bbox 1745 485 1808 548; x_wconf 80' lang='grc'>3.</span> <span class='ocrx_word' id='word_1_6' title='bbox 2442 489 2527 554; x_wconf 83' lang='grc'>81</span> 
     </span>
    </p>
   </div>
   <div class='ocr_carea' id='block_1_2' title="bbox 280 666 2522 975">
    <p class='ocr_par' dir='ltr' id='par_1_2' title="bbox 280 666 2522 975">
     <span class='ocr_line' id='line_1_2' title="bbox 284 666 2521 767; baseline 0.006 -30"><span class='ocrx_word' id='word_1_7' title='bbox 284 668 374 737; x_wconf 85' lang='lat' dir='ltr'>sic</span> <span class='ocrx_word' id='word_1_8' title='bbox 412 666 701 760; x_wconf 78' lang='lat' dir='ltr'>intelligi</span> <span class='ocrx_word' id='word_1_9' title='bbox 745 675 1050 761; x_wconf 76' lang='lat' dir='ltr'><strong>praestat</strong></span> <span class='ocrx_word' id='word_1_10' title='bbox 1068 716 1090 754; x_wconf 88' lang='lat'><strong>‚</strong></span> <span class='ocrx_word' id='word_1_11' title='bbox 1154 678 1231 740; x_wconf 89' lang='lat' dir='ltr'>nt</span> <span class='ocrx_word' id='word_1_12' title='bbox 1277 673 1748 744; x_wconf 85' lang='lat' dir='ltr'>tantummodo</span> <span class='ocrx_word' id='word_1_13' title='bbox 1798 672 1891 742; x_wconf 88' lang='lat' dir='ltr'>ad</span> <span class='ocrx_word' id='word_1_14' title='bbox 1943 670 2173 744; x_wconf 78' lang='lat' dir='ltr'>futura</span> <span class='ocrx_word' id='word_1_15' title='bbox 2234 684 2521 767; x_wconf 82' lang='lat' dir='ltr'>spectet.</span> 
     </span>
     <span class='ocr_line' id='line_1_3' title="bbox 280 771 2522 875; baseline 0.004 -36"><span class='ocrx_word' id='word_1_16' title='bbox 280 771 427 840; x_wconf 82' lang='lat' dir='ltr'>Alia</span> <span class='ocrx_word' id='word_1_17' title='bbox 487 772 605 860; x_wconf 85' lang='lat' dir='ltr'>qui</span> <span class='ocrx_word' id='word_1_18' title='bbox 667 771 1012 841; x_wconf 79' lang='lat' dir='ltr'>desideret</span> <span class='ocrx_word' id='word_1_19' title='bbox 1082 775 1660 846; x_wconf 82' lang='lat' dir='ltr'>coniunctivorum</span> <span class='ocrx_word' id='word_1_20' title='bbox 1711 776 2120 848; x_wconf 84' lang='lat' dir='ltr'>huiusmodi</span> <span class='ocrx_word' id='word_1_21' title='bbox 2188 782 2522 875; x_wconf 80' lang='lat' dir='ltr'>exempla,</span> 
     </span>
     <span class='ocr_line' id='line_1_4' title="bbox 281 871 1593 975; baseline 0.005 -33"><span class='ocrx_word' id='word_1_22' title='bbox 281 875 583 944; x_wconf 87' lang='lat' dir='ltr'>conferat</span> <span class='ocrx_word' id='word_1_23' title='bbox 612 874 808 949; x_wconf 85' lang='lat' dir='ltr'>Iliad.</span> <span class='ocrx_word' id='word_1_24' title='bbox 842 901 907 950; x_wconf 90' lang='lat' dir='ltr'>o.</span> <span class='ocrx_word' id='word_1_25' title='bbox 936 871 1114 946; x_wconf 85' lang='grc'><strong>359.</strong></span> <span class='ocrx_word' id='word_1_26' title='bbox 1146 875 1286 950; x_wconf 84' lang='lat' dir='ltr'>od.</span> <span class='ocrx_word' id='word_1_27' title='bbox 1311 906 1392 975; x_wconf 85' lang='grc' dir='ltr'>μ.</span> <span class='ocrx_word' id='word_1_28' title='bbox 1416 878 1593 949; x_wconf 88' lang='grc'><strong>391.</strong></span> 
     </span>
    </p>
   </div>
   <div class='ocr_carea' id='block_1_3' title="bbox 1337 1084 1460 1161">
    <p class='ocr_par' dir='ltr' id='par_1_3' title="bbox 1337 1084 1460 1161">
     <span class='ocr_line' id='line_1_5' title="bbox 1337 1084 1460 1161; baseline 0.065 -8"><span class='ocrx_word' id='word_1_29' title='bbox 1337 1084 1460 1161; x_wconf 88' lang='lat'>111.</span> 
     </span>
    </p>
   </div>
   <div class='ocr_carea' id='block_1_4' title="bbox 322 1230 2452 1453">
    <p class='ocr_par' dir='ltr' id='par_1_4' title="bbox 322 1230 2452 1453">
     <span class='ocr_line' id='line_1_6' title="bbox 322 1230 2452 1328; baseline 0.005 -27"><span class='ocrx_word' id='word_1_30' title='bbox 322 1230 460 1302; x_wconf 87' lang='lat' dir='ltr'>De</span> <span class='ocrx_word' id='word_1_31' title='bbox 500 1234 1039 1328; x_wconf 69' lang='lat' dir='ltr'>particulis</span> <span class='ocrx_word' id='word_1_32' title='bbox 1089 1234 1194 1309; x_wconf 73' lang='grc' dir='ltr'>ἄν</span> <span class='ocrx_word' id='word_1_33' title='bbox 1247 1245 1335 1309; x_wconf 85' lang='lat' dir='ltr'>et</span> <span class='ocrx_word' id='word_1_34' title='bbox 1384 1238 1533 1313; x_wconf 68' lang='lat' dir='ltr'>miv</span> <span class='ocrx_word' id='word_1_35' title='bbox 1589 1260 1790 1309; x_wconf 82' lang='lat' dir='ltr'>cum</span> <span class='ocrx_word' id='word_1_36' title='bbox 1842 1238 2452 1312; x_wconf 79' lang='lat' dir='ltr'>coniunctivo</span> 
     </span>
     <span class='ocr_line' id='line_1_7' title="bbox 1077 1359 1717 1453; baseline 0.005 -27"><span class='ocrx_word' id='word_1_37' title='bbox 1077 1359 1334 1451; x_wconf 80' lang='lat' dir='ltr'>apud</span> <span class='ocrx_word' id='word_1_38' title='bbox 1373 1359 1717 1453; x_wconf 74' lang='lat' dir='ltr'>epicos.</span> 
     </span>
    </p>
   </div>
   <div class='ocr_carea' id='block_1_5' title="bbox 257 1491 2511 2915">
    <p class='ocr_par' dir='ltr' id='par_1_5' title="bbox 257 1491 2511 2915">
     <span class='ocr_line' id='line_1_8' title="bbox 476 1491 2511 1589; baseline 0.002 -30"><span class='ocrx_word' id='word_1_39' title='bbox 476 1491 683 1584; x_wconf 89' lang='lat' dir='ltr'>Epici</span> <span class='ocrx_word' id='word_1_40' title='bbox 718 1501 980 1562; x_wconf 83' lang='lat' dir='ltr'>veteres</span> <span class='ocrx_word' id='word_1_41' title='bbox 997 1542 1020 1578; x_wconf 84' lang='lat'>‚</span> <span class='ocrx_word' id='word_1_42' title='bbox 1072 1517 1244 1585; x_wconf 88' lang='lat' dir='ltr'>qnos</span> <span class='ocrx_word' id='word_1_43' title='bbox 1283 1496 1419 1565; x_wconf 91' lang='lat' dir='ltr'>iam</span> <span class='ocrx_word' id='word_1_44' title='bbox 1463 1520 1674 1589; x_wconf 90' lang='lat' dir='ltr'>supra</span> <span class='ocrx_word' id='word_1_45' title='bbox 1718 1496 1788 1564; x_wconf 92' lang='lat' dir='ltr'>in</span> <span class='ocrx_word' id='word_1_46' title='bbox 1835 1493 2171 1564; x_wconf 78' lang='lat' dir='ltr'>indicativi</span> <span class='ocrx_word' id='word_1_47' title='bbox 2212 1496 2511 1589; x_wconf 82' lang='lat' dir='ltr'>explica-</span> 
     </span>
     <span class='ocr_line' id='line_1_9' title="bbox 268 1593 2507 1691; baseline 0.004 -31"><span class='ocrx_word' id='word_1_48' title='bbox 268 1593 449 1663; x_wconf 89' lang='lat' dir='ltr'>tione</span> <span class='ocrx_word' id='word_1_49' title='bbox 492 1595 780 1665; x_wconf 84' lang='lat' dir='ltr'>vidimus</span> <span class='ocrx_word' id='word_1_50' title='bbox 814 1597 1083 1666; x_wconf 88' lang='lat' dir='ltr'>liberius</span> <span class='ocrx_word' id='word_1_51' title='bbox 1125 1600 1221 1667; x_wconf 87' lang='lat' dir='ltr'>uti</span> <span class='ocrx_word' id='word_1_52' title='bbox 1257 1600 1599 1691; x_wconf 75' lang='lat' dir='ltr'>particulis</span> <span class='ocrx_word' id='word_1_53' title='bbox 1637 1599 1729 1673; x_wconf 76' lang='grc' dir='ltr'>ἂν</span> <span class='ocrx_word' id='word_1_54' title='bbox 1774 1608 1843 1667; x_wconf 92' lang='lat' dir='ltr'>et</span> <span class='ocrx_word' id='word_1_55' title='bbox 1885 1600 2043 1684; x_wconf 74' lang='grc' dir='ltr'>κέν,</span> <span class='ocrx_word' id='word_1_56' title='bbox 2096 1599 2298 1668; x_wconf 88' lang='lat' dir='ltr'>etiam</span> <span class='ocrx_word' id='word_1_57' title='bbox 2342 1621 2507 1668; x_wconf 92' lang='lat' dir='ltr'>con-</span> 
     </span>
     <span class='ocr_line' id='line_1_10' title="bbox 268 1697 2511 1792; baseline 0.003 -28"><span class='ocrx_word' id='word_1_58' title='bbox 268 1697 567 1767; x_wconf 79' lang='lat' dir='ltr'>iunctivo</span> <span class='ocrx_word' id='word_1_59' title='bbox 599 1723 714 1768; x_wconf 89' lang='lat' dir='ltr'>eas</span> <span class='ocrx_word' id='word_1_60' title='bbox 746 1721 884 1770; x_wconf 89' lang='lat' dir='ltr'>non</span> <span class='ocrx_word' id='word_1_61' title='bbox 916 1710 1056 1768; x_wconf 89' lang='lat' dir='ltr'>tam</span> <span class='ocrx_word' id='word_1_62' title='bbox 1092 1710 1277 1770; x_wconf 87' lang='lat' dir='ltr'>certa</span> <span class='ocrx_word' id='word_1_63' title='bbox 1304 1705 1565 1773; x_wconf 89' lang='lat' dir='ltr'>ratione</span> <span class='ocrx_word' id='word_1_64' title='bbox 1595 1702 2004 1772; x_wconf 88' lang='lat' dir='ltr'>addiderunt</span> <span class='ocrx_word' id='word_1_65' title='bbox 2019 1751 2040 1789; x_wconf 84' lang='lat'>‚</span> <span class='ocrx_word' id='word_1_66' title='bbox 2093 1723 2299 1792; x_wconf 90' lang='lat' dir='ltr'>quam</span> <span class='ocrx_word' id='word_1_67' title='bbox 2333 1724 2511 1792; x_wconf 91' lang='lat' dir='ltr'>quae</span> 
     </span>
     <span class='ocr_line' id='line_1_11' title="bbox 266 1803 2508 1896; baseline 0.002 -28"><span class='ocrx_word' id='word_1_68' title='bbox 266 1803 644 1872; x_wconf 83' lang='lat' dir='ltr'>recentiore</span> <span class='ocrx_word' id='word_1_69' title='bbox 694 1824 817 1870; x_wconf 86' lang='lat' dir='ltr'>usu</span> <span class='ocrx_word' id='word_1_70' title='bbox 859 1804 1148 1873; x_wconf 84' lang='lat' dir='ltr'>stabilita</span> <span class='ocrx_word' id='word_1_71' title='bbox 1186 1815 1306 1874; x_wconf 88' lang='lat' dir='ltr'>est.</span> <span class='ocrx_word' id='word_1_72' title='bbox 1409 1808 1590 1876; x_wconf 91' lang='lat' dir='ltr'>Nam</span> <span class='ocrx_word' id='word_1_73' title='bbox 1652 1807 1787 1876; x_wconf 91' lang='lat' dir='ltr'>hae</span> <span class='ocrx_word' id='word_1_74' title='bbox 1842 1805 2216 1896; x_wconf 82' lang='lat' dir='ltr'>particulae</span> <span class='ocrx_word' id='word_1_75' title='bbox 2274 1825 2508 1895; x_wconf 88' lang='lat' dir='ltr'>quum,</span> 
     </span>
     <span class='ocr_line' id='line_1_12' title="bbox 264 1901 2508 1999; baseline 0.002 -27"><span class='ocrx_word' id='word_1_76' title='bbox 264 1912 338 1971; x_wconf 90' lang='lat' dir='ltr'>ut</span> <span class='ocrx_word' id='word_1_77' title='bbox 373 1928 587 1998; x_wconf 87' lang='lat' dir='ltr'>supra</span> <span class='ocrx_word' id='word_1_78' title='bbox 630 1905 1040 1976; x_wconf 82' lang='lat' dir='ltr'>ostendimus</span> <span class='ocrx_word' id='word_1_79' title='bbox 1057 1959 1078 1995; x_wconf 87' lang='lat'>,</span> <span class='ocrx_word' id='word_1_80' title='bbox 1129 1901 1426 1999; x_wconf 82' lang='lat' dir='ltr'>aliquam</span> <span class='ocrx_word' id='word_1_81' title='bbox 1471 1910 1729 1979; x_wconf 85' lang='lat' dir='ltr'>fortuiti</span> <span class='ocrx_word' id='word_1_82' title='bbox 1761 1909 2103 1978; x_wconf 87' lang='lat' dir='ltr'>notionem</span> <span class='ocrx_word' id='word_1_83' title='bbox 2134 1909 2348 1980; x_wconf 84' lang='lat' dir='ltr'>verbo</span> <span class='ocrx_word' id='word_1_84' title='bbox 2378 1908 2508 1976; x_wconf 91' lang='lat' dir='ltr'>ad-</span> 
     </span>
     <span class='ocr_line' id='line_1_13' title="bbox 264 2006 2508 2103; baseline 0.001 -27"><span class='ocrx_word' id='word_1_85' title='bbox 264 2006 471 2089; x_wconf 88' lang='lat' dir='ltr'>dant,</span> <span class='ocrx_word' id='word_1_86' title='bbox 522 2009 934 2100; x_wconf 86' lang='lat' dir='ltr'>ubicumque</span> <span class='ocrx_word' id='word_1_87' title='bbox 964 2011 1026 2078; x_wconf 92' lang='lat' dir='ltr'>ei</span> <span class='ocrx_word' id='word_1_88' title='bbox 1055 2012 1307 2080; x_wconf 87' lang='lat' dir='ltr'>notioni</span> <span class='ocrx_word' id='word_1_89' title='bbox 1335 2013 1526 2081; x_wconf 89' lang='lat' dir='ltr'>locus</span> <span class='ocrx_word' id='word_1_90' title='bbox 1563 2022 1776 2095; x_wconf 77' lang='lat' dir='ltr'>esset,</span> <span class='ocrx_word' id='word_1_91' title='bbox 1827 2012 2123 2080; x_wconf 86' lang='lat' dir='ltr'>adiicere</span> <span class='ocrx_word' id='word_1_92' title='bbox 2166 2035 2279 2081; x_wconf 85' lang='lat' dir='ltr'>eas</span> <span class='ocrx_word' id='word_1_93' title='bbox 2326 2012 2508 2103; x_wconf 86' lang='lat' dir='ltr'>epici</span> 
     </span>
     <span class='ocr_line' id='line_1_14' title="bbox 260 2111 2507 2208; baseline 0.002 -30"><span class='ocrx_word' id='word_1_94' title='bbox 260 2133 401 2178; x_wconf 88' lang='lat' dir='ltr'>non</span> <span class='ocrx_word' id='word_1_95' title='bbox 449 2111 860 2185; x_wconf 80' lang='lat' dir='ltr'>dubitarunt.</span> <span class='ocrx_word' id='word_1_96' title='bbox 963 2112 1092 2182; x_wconf 85' lang='lat' dir='ltr'>Est</span> <span class='ocrx_word' id='word_1_97' title='bbox 1145 2125 1372 2184; x_wconf 89' lang='lat' dir='ltr'>autem</span> <span class='ocrx_word' id='word_1_98' title='bbox 1427 2116 1886 2185; x_wconf 83' lang='lat' dir='ltr'>coniunctivus</span> <span class='ocrx_word' id='word_1_99' title='bbox 1935 2115 1993 2183; x_wconf 88' lang='lat' dir='ltr'>is</span> <span class='ocrx_word' id='word_1_100' title='bbox 2036 2114 2277 2183; x_wconf 89' lang='lat' dir='ltr'>modus</span> <span class='ocrx_word' id='word_1_101' title='bbox 2296 2164 2317 2198; x_wconf 87' lang='lat'>‚</span> <span class='ocrx_word' id='word_1_102' title='bbox 2386 2114 2507 2208; x_wconf 89' lang='lat' dir='ltr'>qui</span> 
     </span>
     <span class='ocr_line' id='line_1_15' title="bbox 261 2204 2505 2305; baseline 0.002 -23"><span class='ocrx_word' id='word_1_103' title='bbox 261 2222 502 2283; x_wconf 82' lang='lat' dir='ltr'>natura</span> <span class='ocrx_word' id='word_1_104' title='bbox 533 2215 850 2285; x_wconf 80' lang='lat' dir='ltr'>facillime</span> <span class='ocrx_word' id='word_1_105' title='bbox 881 2239 1033 2285; x_wconf 90' lang='lat' dir='ltr'>eam</span> <span class='ocrx_word' id='word_1_106' title='bbox 1058 2204 1510 2288; x_wconf 84' lang='lat' dir='ltr'>adiectionem</span> <span class='ocrx_word' id='word_1_107' title='bbox 1539 2217 1869 2300; x_wconf 86' lang='lat' dir='ltr'>admittat,</span> <span class='ocrx_word' id='word_1_108' title='bbox 1920 2224 1997 2285; x_wconf 91' lang='lat' dir='ltr'>ut</span> <span class='ocrx_word' id='word_1_109' title='bbox 2025 2218 2143 2305; x_wconf 91' lang='lat' dir='ltr'>qui</span> <span class='ocrx_word' id='word_1_110' title='bbox 2172 2217 2263 2285; x_wconf 87' lang='lat' dir='ltr'>ad</span> <span class='ocrx_word' id='word_1_111' title='bbox 2290 2217 2363 2284; x_wconf 89' lang='lat' dir='ltr'>id</span> <span class='ocrx_word' id='word_1_112' title='bbox 2388 2239 2505 2286; x_wconf 85' lang='lat' dir='ltr'>re-</span> 
     </span>
     <span class='ocr_line' id='line_1_16' title="bbox 259 2309 2504 2414; baseline 0.002 -28"><span class='ocrx_word' id='word_1_113' title='bbox 259 2318 522 2386; x_wconf 87' lang='lat' dir='ltr'>feratur</span> <span class='ocrx_word' id='word_1_114' title='bbox 537 2370 558 2406; x_wconf 87' lang='lat'>‚</span> <span class='ocrx_word' id='word_1_115' title='bbox 611 2318 801 2409; x_wconf 88' lang='lat' dir='ltr'>qnod</span> <span class='ocrx_word' id='word_1_116' title='bbox 835 2321 1252 2414; x_wconf 82' lang='lat' dir='ltr'>experientia</span> <span class='ocrx_word' id='word_1_117' title='bbox 1295 2309 1849 2414; x_wconf 80' lang='lat' dir='ltr'>cognoscendum</span> <span class='ocrx_word' id='word_1_118' title='bbox 1884 2320 1998 2389; x_wconf 86' lang='lat' dir='ltr'>sit:</span> <span class='ocrx_word' id='word_1_119' title='bbox 2050 2319 2124 2387; x_wconf 89' lang='lat' dir='ltr'>id</span> <span class='ocrx_word' id='word_1_120' title='bbox 2157 2329 2384 2388; x_wconf 87' lang='lat' dir='ltr'>autem</span> <span class='ocrx_word' id='word_1_121' title='bbox 2416 2343 2504 2390; x_wconf 91' lang='lat' dir='ltr'>eo</span> 
     </span>
     <span class='ocr_line' id='line_1_17' title="bbox 260 2421 2504 2517; baseline 0.001 -28"><span class='ocrx_word' id='word_1_122' title='bbox 260 2421 415 2513; x_wconf 85' lang='lat' dir='ltr'>ipso</span> <span class='ocrx_word' id='word_1_123' title='bbox 445 2423 797 2491; x_wconf 84' lang='lat' dir='ltr'>fortuitum</span> <span class='ocrx_word' id='word_1_124' title='bbox 829 2433 947 2492; x_wconf 89' lang='lat' dir='ltr'>est.</span> <span class='ocrx_word' id='word_1_125' title='bbox 1053 2424 1292 2514; x_wconf 84' lang='lat' dir='ltr'>Itaque</span> <span class='ocrx_word' id='word_1_126' title='bbox 1320 2427 1547 2517; x_wconf 89' lang='lat' dir='ltr'>primo</span> <span class='ocrx_word' id='word_1_127' title='bbox 1578 2426 1699 2493; x_wconf 90' lang='lat' dir='ltr'>ubi</span> <span class='ocrx_word' id='word_1_128' title='bbox 1728 2423 2180 2492; x_wconf 83' lang='lat' dir='ltr'>coniunctivus</span> <span class='ocrx_word' id='word_1_129' title='bbox 2223 2445 2357 2516; x_wconf 92' lang='lat' dir='ltr'>pro</span> <span class='ocrx_word' id='word_1_130' title='bbox 2393 2424 2504 2492; x_wconf 85' lang='lat' dir='ltr'>fu-</span> 
     </span>
     <span class='ocr_line' id='line_1_18' title="bbox 260 2526 2502 2618; baseline 0 -25"><span class='ocrx_word' id='word_1_131' title='bbox 260 2532 413 2593; x_wconf 85' lang='lat' dir='ltr'>turo</span> <span class='ocrx_word' id='word_1_132' title='bbox 467 2526 731 2618; x_wconf 86' lang='lat' dir='ltr'>positus</span> <span class='ocrx_word' id='word_1_133' title='bbox 780 2535 914 2613; x_wconf 80' lang='lat' dir='ltr'>est,</span> <span class='ocrx_word' id='word_1_134' title='bbox 968 2526 1232 2618; x_wconf 89' lang='lat' dir='ltr'>(licebit</span> <span class='ocrx_word' id='word_1_135' title='bbox 1275 2530 1455 2597; x_wconf 90' lang='lat' dir='ltr'>enim</span> <span class='ocrx_word' id='word_1_136' title='bbox 1501 2531 1592 2597; x_wconf 87' lang='lat' dir='ltr'>ita</span> <span class='ocrx_word' id='word_1_137' title='bbox 1631 2528 1822 2618; x_wconf 90' lang='lat' dir='ltr'>loqui</span> <span class='ocrx_word' id='word_1_138' title='bbox 1865 2526 2205 2596; x_wconf 81' lang='lat' dir='ltr'>brevitatis</span> <span class='ocrx_word' id='word_1_139' title='bbox 2242 2549 2502 2615; x_wconf 79' lang='lat' dir='ltr'>caussa,</span> 
     </span>
     <span class='ocr_line' id='line_1_19' title="bbox 257 2629 2505 2724; baseline 0.001 -26"><span class='ocrx_word' id='word_1_140' title='bbox 257 2638 631 2722; x_wconf 83' lang='lat' dir='ltr'>postquam</span> <span class='ocrx_word' id='word_1_141' title='bbox 675 2629 1083 2701; x_wconf 86' lang='lat' dir='ltr'>ostendimus</span> <span class='ocrx_word' id='word_1_142' title='bbox 1101 2680 1122 2718; x_wconf 86' lang='lat'>‚</span> <span class='ocrx_word' id='word_1_143' title='bbox 1177 2632 1526 2724; x_wconf 87' lang='lat' dir='ltr'>quomodo</span> <span class='ocrx_word' id='word_1_144' title='bbox 1574 2631 1849 2702; x_wconf 87' lang='lat' dir='ltr'>differat</span> <span class='ocrx_word' id='word_1_145' title='bbox 1890 2654 1933 2699; x_wconf 92' lang='lat' dir='ltr'>a</span> <span class='ocrx_word' id='word_1_146' title='bbox 1975 2629 2240 2721; x_wconf 86' lang='lat' dir='ltr'>futuro)</span> <span class='ocrx_word' id='word_1_147' title='bbox 2293 2653 2505 2723; x_wconf 82' lang='lat' dir='ltr'>saepe</span> 
     </span>
     <span class='ocr_line' id='line_1_20' title="bbox 259 2732 2507 2829; baseline 0.002 -28"><span class='ocrx_word' id='word_1_148' title='bbox 259 2733 566 2804; x_wconf 85' lang='lat' dir='ltr'>adiectae</span> <span class='ocrx_word' id='word_1_149' title='bbox 610 2735 1031 2803; x_wconf 80' lang='lat' dir='ltr'>inveniuntur</span> <span class='ocrx_word' id='word_1_150' title='bbox 1083 2738 1458 2829; x_wconf 85' lang='lat' dir='ltr'>particulae</span> <span class='ocrx_word' id='word_1_151' title='bbox 1497 2738 1665 2807; x_wconf 85' lang='lat' dir='ltr'>istae</span> <span class='ocrx_word' id='word_1_152' title='bbox 1680 2787 1702 2825; x_wconf 89' lang='lat'><strong>‚</strong></span> <span class='ocrx_word' id='word_1_153' title='bbox 1774 2736 1951 2805; x_wconf 80' lang='lat' dir='ltr'>forte</span> <span class='ocrx_word' id='word_1_154' title='bbox 2001 2732 2167 2825; x_wconf 88' lang='lat' dir='ltr'>quid</span> <span class='ocrx_word' id='word_1_155' title='bbox 2205 2732 2507 2805; x_wconf 83' lang='lat' dir='ltr'>futurum</span> 
     </span>
     <span class='ocr_line' id='line_1_21' title="bbox 259 2836 1394 2915; baseline 0.007 -9"><span class='ocrx_word' id='word_1_156' title='bbox 259 2860 406 2907; x_wconf 84' lang='lat' dir='ltr'>esse</span> <span class='ocrx_word' id='word_1_157' title='bbox 433 2837 837 2908; x_wconf 82' lang='lat' dir='ltr'>indicantes:</span> <span class='ocrx_word' id='word_1_158' title='bbox 889 2838 1082 2913; x_wconf 87' lang='lat' dir='ltr'>Iliad.</span> <span class='ocrx_word' id='word_1_159' title='bbox 1116 2867 1185 2912; x_wconf 86' lang='grc' dir='ltr'>α.</span> <span class='ocrx_word' id='word_1_160' title='bbox 1218 2836 1394 2915; x_wconf 83' lang='grc'><strong>205.</strong></span> 
     </span>
    </p>
   </div>
   <div class='ocr_carea' id='block_1_6' title="bbox 463 2984 2207 3090">
    <p class='ocr_par' dir='ltr' id='par_1_6' title="bbox 463 2984 2207 3090">
     <span class='ocr_line' id='line_1_22' title="bbox 463 2984 2207 3090; baseline 0.001 -27"><span class='ocrx_word' id='word_1_161' title='bbox 463 2986 547 3086; x_wconf 79' lang='grc' dir='ltr'>ᾖς</span> <span class='ocrx_word' id='word_1_162' title='bbox 577 2986 1052 3090; x_wconf 73' lang='grc' dir='ltr'><strong><em>ὑπεροπλίῃσι</em></strong></span> <span class='ocrx_word' id='word_1_163' title='bbox 1081 2985 1255 3084; x_wconf 75' lang='grc' dir='ltr'>τάχ’</span> <span class='ocrx_word' id='word_1_164' title='bbox 1292 2990 1386 3068; x_wconf 77' lang='grc' dir='ltr'>ἄν</span> <span class='ocrx_word' id='word_1_165' title='bbox 1421 3019 1604 3066; x_wconf 74' lang='grc' dir='ltr'><strong><em>ποτε</em></strong></span> <span class='ocrx_word' id='word_1_166' title='bbox 1636 2984 1891 3086; x_wconf 71' lang='grc' dir='ltr'>θυμόν</span> <span class='ocrx_word' id='word_1_167' title='bbox 1926 2984 2207 3087; x_wconf 77' lang='grc' dir='ltr'><strong><em>ὀλέσσῃ.</em></strong></span> 
     </span>
    </p>
   </div>
   <div class='ocr_carea' id='block_1_7' title="bbox 260 3141 2499 3324">
    <p class='ocr_par' dir='ltr' id='par_1_7' title="bbox 260 3141 2499 3324">
     <span class='ocr_line' id='line_1_23' title="bbox 260 3141 2499 3237; baseline -0 -26"><span class='ocrx_word' id='word_1_168' title='bbox 260 3142 402 3212; x_wconf 84' lang='lat' dir='ltr'>Nos</span> <span class='ocrx_word' id='word_1_169' title='bbox 440 3141 518 3211; x_wconf 77' lang='lat' dir='ltr'>id</span> <span class='ocrx_word' id='word_1_170' title='bbox 547 3143 963 3214; x_wconf 82' lang='lat' dir='ltr'>diceremus:</span> <span class='ocrx_word' id='word_1_171' title='bbox 1019 3144 1262 3237; x_wconf 55' lang='lat' dir='ltr'>dunch</span> <span class='ocrx_word' id='word_1_172' title='bbox 1301 3145 1550 3218; x_wconf 82' lang='lat' dir='ltr'>seinen</span> <span class='ocrx_word' id='word_1_173' title='bbox 1578 3144 1969 3215; x_wconf 72' lang='lat' dir='ltr'>t‘lbermuth</span> <span class='ocrx_word' id='word_1_174' title='bbox 1997 3144 2143 3214; x_wconf 82' lang='lat' dir='ltr'>soll</span> <span class='ocrx_word' id='word_1_175' title='bbox 2174 3164 2260 3212; x_wconf 85' lang='lat' dir='ltr'>er</span> <span class='ocrx_word' id='word_1_176' title='bbox 2303 3141 2499 3213; x_wconf 79' lang='lat' dir='ltr'>wohl</span> 
     </span>
     <span class='ocr_line' id='line_1_24' title="bbox 262 3244 1666 3324; baseline 0.001 -9"><span class='ocrx_word' id='word_1_177' title='bbox 262 3246 449 3316; x_wconf 72' lang='lat' dir='ltr'>noch</span> <span class='ocrx_word' id='word_1_178' title='bbox 494 3247 643 3316; x_wconf 80' lang='lat' dir='ltr'>das</span> <span class='ocrx_word' id='word_1_179' title='bbox 675 3244 883 3317; x_wconf 80' lang='lat' dir='ltr'>leben</span> <span class='ocrx_word' id='word_1_180' title='bbox 913 3249 1294 3320; x_wconf 78' lang='lat' dir='ltr'>verlieren.</span> <span class='ocrx_word' id='word_1_181' title='bbox 1399 3255 1463 3324; x_wconf 84' lang='grc' dir='ltr'>λ.</span> <span class='ocrx_word' id='word_1_182' title='bbox 1489 3248 1666 3318; x_wconf 76' lang='grc'><strong>433.</strong></span> 
     </span>
    </p>
   </div>
   <div class='ocr_carea' id='block_1_8' title="bbox 462 3393 2303 3500">
    <p class='ocr_par' dir='ltr' id='par_1_8' title="bbox 462 3393 2303 3500">
     <span class='ocr_line' id='line_1_25' title="bbox 462 3393 2303 3500; baseline -0.004 -26"><span class='ocrx_word' id='word_1_183' title='bbox 462 3396 515 3496; x_wconf 80' lang='grc' dir='ltr'><strong><em>ἦ</em></strong></span> <span class='ocrx_word' id='word_1_184' title='bbox 539 3426 660 3473; x_wconf 70' lang='grc' dir='ltr'>κεν</span> <span class='ocrx_word' id='word_1_185' title='bbox 692 3401 845 3497; x_wconf 74' lang='grc' dir='ltr'>ἐμῷ</span> <span class='ocrx_word' id='word_1_186' title='bbox 873 3395 1020 3476; x_wconf 61' lang='lat' dir='ltr'>tino*</span> <span class='ocrx_word' id='word_1_187' title='bbox 1047 3402 1258 3500; x_wconf 79' lang='grc' dir='ltr'><strong><em>δουρὶ</em></strong></span> <span class='ocrx_word' id='word_1_188' title='bbox 1290 3401 1530 3484; x_wconf 73' lang='grc' dir='ltr'><strong><em>τυπεὶς</em></strong></span> <span class='ocrx_word' id='word_1_189' title='bbox 1560 3400 1708 3476; x_wconf 81' lang='grc' dir='ltr'>ἄπο</span> <span class='ocrx_word' id='word_1_190' title='bbox 1740 3393 1991 3493; x_wconf 71' lang='grc' dir='ltr'>θυμόν</span> <span class='ocrx_word' id='word_1_191' title='bbox 2021 3393 2303 3493; x_wconf 81' lang='grc' dir='ltr'><strong><em>ὀλέσσῃ.</em></strong></span> 
     </span>
    </p>
   </div>
   <div class='ocr_carea' id='block_1_9' title="bbox 261 3544 2498 4043">
    <p class='ocr_par' dir='ltr' id='par_1_9' title="bbox 261 3544 2498 4043">
     <span class='ocr_line' id='line_1_26' title="bbox 262 3544 2489 3651; baseline -0.003 -30"><span class='ocrx_word' id='word_1_192' title='bbox 262 3552 430 3624; x_wconf 88' lang='lat' dir='ltr'>Vide</span> <span class='ocrx_word' id='word_1_193' title='bbox 470 3582 543 3627; x_wconf 83' lang='grc' dir='ltr'>α.</span> <span class='ocrx_word' id='word_1_194' title='bbox 596 3551 771 3625; x_wconf 73' lang='grc' dir='ltr'><strong>13Ί.</strong></span> <span class='ocrx_word' id='word_1_195' title='bbox 831 3553 1006 3629; x_wconf 79' lang='lat'>184.</span> <span class='ocrx_word' id='word_1_196' title='bbox 1065 3554 1239 3625; x_wconf 82' lang='grc'><strong>324.</strong></span> <span class='ocrx_word' id='word_1_197' title='bbox 1289 3562 1361 3651; x_wconf 79' lang='grc' dir='ltr'>β.</span> <span class='ocrx_word' id='word_1_198' title='bbox 1414 3554 1586 3625; x_wconf 79' lang='lat'><strong>488.</strong></span> <span class='ocrx_word' id='word_1_199' title='bbox 1628 3552 1801 3647; x_wconf 84' lang='lat' dir='ltr'>(od.</span> <span class='ocrx_word' id='word_1_200' title='bbox 1853 3555 1914 3627; x_wconf 80' lang='grc' dir='ltr'>δ.</span> <span class='ocrx_word' id='word_1_201' title='bbox 1978 3549 2191 3641; x_wconf 75' lang='lat'><strong>24⁰.)</strong></span> <span class='ocrx_word' id='word_1_202' title='bbox 2244 3577 2307 3643; x_wconf 75' lang='lat' dir='ltr'>y.</span> <span class='ocrx_word' id='word_1_203' title='bbox 2366 3544 2489 3616; x_wconf 79' lang='lat'>54.</span> 
     </span>
     <span class='ocr_line' id='line_1_27' title="bbox 261 3650 2488 3749; baseline 0.001 -25"><span class='ocrx_word' id='word_1_204' title='bbox 261 3656 427 3726; x_wconf 73' lang='lat'>417.</span> <span class='ocrx_word' id='word_1_205' title='bbox 483 3660 548 3730; x_wconf 82' lang='grc' dir='ltr'>λ.</span> <span class='ocrx_word' id='word_1_206' title='bbox 604 3655 778 3725; x_wconf 73' lang='grc' dir='ltr'><strong>38Ί.</strong></span> <span class='ocrx_word' id='word_1_207' title='bbox 831 3665 886 3740; x_wconf 77' lang='grc' dir='ltr'>ε.</span> <span class='ocrx_word' id='word_1_208' title='bbox 943 3655 1115 3727; x_wconf 89' lang='grc'><strong>235.</strong></span> <span class='ocrx_word' id='word_1_209' title='bbox 1169 3687 1242 3732; x_wconf 80' lang='grc' dir='ltr'>π.</span> <span class='ocrx_word' id='word_1_210' title='bbox 1299 3658 1474 3735; x_wconf 91' lang='grc'><strong>129.</strong></span> <span class='ocrx_word' id='word_1_211' title='bbox 1536 3687 1603 3749; x_wconf 85' lang='grc' dir='ltr'>χ.</span> <span class='ocrx_word' id='word_1_212' title='bbox 1657 3654 1830 3735; x_wconf 80' lang='grc'><strong>595.</strong></span> <span class='ocrx_word' id='word_1_213' title='bbox 1883 3676 1963 3748; x_wconf 86' lang='grc' dir='ltr'>ψ.</span> <span class='ocrx_word' id='word_1_214' title='bbox 2018 3650 2192 3725; x_wconf 89' lang='grc'><strong>559.</strong></span> <span class='ocrx_word' id='word_1_215' title='bbox 2235 3651 2373 3723; x_wconf 78' lang='lat' dir='ltr'>od.</span> <span class='ocrx_word' id='word_1_216' title='bbox 2419 3682 2488 3726; x_wconf 88' lang='grc' dir='ltr'>α.</span> 
     </span>
     <span class='ocr_line' id='line_1_28' title="bbox 262 3755 2492 3859; baseline -0.002 -31"><span class='ocrx_word' id='word_1_217' title='bbox 262 3758 430 3834; x_wconf 77' lang='grc'><strong>396.</strong></span> <span class='ocrx_word' id='word_1_218' title='bbox 476 3763 540 3834; x_wconf 80' lang='grc' dir='ltr'><strong>δ.</strong></span> <span class='ocrx_word' id='word_1_219' title='bbox 598 3757 773 3829; x_wconf 83' lang='grc'><strong>692.</strong></span> <span class='ocrx_word' id='word_1_220' title='bbox 826 3788 887 3834; x_wconf 71' lang='grc' dir='ltr'>κ.</span> <span class='ocrx_word' id='word_1_221' title='bbox 944 3758 1120 3835; x_wconf 73' lang='grc' dir='ltr'><strong>59Ί.</strong></span> <span class='ocrx_word' id='word_1_222' title='bbox 1168 3789 1232 3859; x_wconf 79' lang='grc' dir='ltr'>ρ.</span> <span class='ocrx_word' id='word_1_223' title='bbox 1276 3761 1450 3831; x_wconf 80' lang='lat'>418.</span> <span class='ocrx_word' id='word_1_224' title='bbox 1492 3791 1555 3853; x_wconf 86' lang='grc' dir='ltr'>χ.</span> <span class='ocrx_word' id='word_1_225' title='bbox 1601 3758 1776 3830; x_wconf 86' lang='grc'><strong>325.</strong></span> <span class='ocrx_word' id='word_1_226' title='bbox 1832 3755 2003 3826; x_wconf 86' lang='grc'><strong>359.</strong></span> <span class='ocrx_word' id='word_1_227' title='bbox 2081 3757 2260 3825; x_wconf 87' lang='lat' dir='ltr'>Hinc</span> <span class='ocrx_word' id='word_1_228' title='bbox 2303 3756 2492 3826; x_wconf 83' lang='lat' dir='ltr'>tenui</span> 
     </span>
     <span class='ocr_line' id='line_1_29' title="bbox 262 3862 2498 3957; baseline -0.003 -24"><span class='ocrx_word' id='word_1_229' title='bbox 262 3863 638 3933; x_wconf 88' lang='lat' dir='ltr'>discrimine</span> <span class='ocrx_word' id='word_1_230' title='bbox 699 3887 908 3957; x_wconf 85' lang='lat' dir='ltr'>saepe</span> <span class='ocrx_word' id='word_1_231' title='bbox 954 3867 1409 3935; x_wconf 82' lang='lat' dir='ltr'>coniunctivus</span> <span class='ocrx_word' id='word_1_232' title='bbox 1454 3866 1529 3935; x_wconf 71' lang='lat' dir='ltr'>‘et</span> <span class='ocrx_word' id='word_1_233' title='bbox 1575 3865 1915 3957; x_wconf 82' lang='lat' dir='ltr'>optativus</span> <span class='ocrx_word' id='word_1_234' title='bbox 1951 3862 2320 3954; x_wconf 81' lang='lat' dir='ltr'>iunguntur</span> <span class='ocrx_word' id='word_1_235' title='bbox 2334 3908 2356 3945; x_wconf 86' lang='lat'>‚</span> <span class='ocrx_word' id='word_1_236' title='bbox 2420 3869 2498 3929; x_wconf 91' lang='lat' dir='ltr'>ut</span> 
     </span>
     <span class='ocr_line' id='line_1_30' title="bbox 262 3965 748 4043; baseline 0.014 -8"><span class='ocrx_word' id='word_1_237' title='bbox 262 3967 446 4043; x_wconf 84' lang='lat' dir='ltr'>Iliad.</span> <span class='ocrx_word' id='word_1_238' title='bbox 482 3994 547 4041; x_wconf 89' lang='grc' dir='ltr'><strong>σ.</strong></span> <span class='ocrx_word' id='word_1_239' title='bbox 571 3965 748 4042; x_wconf 73' lang='grc' dir='ltr'><strong>39Ί.</strong></span> 
     </span>
    </p>
   </div>
   <div class='ocr_carea' id='block_1_10' title="bbox 461 4113 2489 4321">
    <p class='ocr_par' dir='ltr' id='par_1_10' title="bbox 461 4113 2489 4321">
     <span class='ocr_line' id='line_1_31' title="bbox 1431 4113 2099 4215; baseline -0.006 -23"><span class='ocrx_word' id='word_1_240' title='bbox 1431 4113 1619 4194; x_wconf 76' lang='grc' dir='ltr'><strong><em>α’λλοῖ</em></strong></span> <span class='ocrx_word' id='word_1_241' title='bbox 1652 4113 1838 4213; x_wconf 72' lang='grc' dir='ltr'><strong><em>μάλ’</em></strong></span> <span class='ocrx_word' id='word_1_242' title='bbox 1870 4116 2099 4215; x_wconf 75' lang='grc' dir='ltr'><strong><em>ἄντην</em></strong></span> 
     </span>
     <span class='ocr_line' id='line_1_32' title="bbox 461 4216 2489 4321; baseline -0.004 -23"><span class='ocrx_word' id='word_1_243' title='bbox 461 4216 873 4321; x_wconf 79' lang='grc' dir='ltr'><strong><em>στήσομαι,</em></strong></span> <span class='ocrx_word' id='word_1_244' title='bbox 929 4222 978 4319; x_wconf 82' lang='grc' dir='ltr'><em>ἦ</em></span> <span class='ocrx_word' id='word_1_245' title='bbox 1005 4251 1084 4298; x_wconf 72' lang='grc' dir='ltr'>κε</span> <span class='ocrx_word' id='word_1_246' title='bbox 1114 4222 1374 4321; x_wconf 77' lang='grc' dir='ltr'>φέρῃσι</span> <span class='ocrx_word' id='word_1_247' title='bbox 1400 4225 1591 4317; x_wconf 72' lang='grc' dir='ltr'>μέγα</span> <span class='ocrx_word' id='word_1_248' title='bbox 1619 4224 1859 4311; x_wconf 80' lang='grc' dir='ltr'><strong><em>κλέος,</em></strong></span> <span class='ocrx_word' id='word_1_249' title='bbox 1914 4219 1960 4318; x_wconf 87' lang='grc' dir='ltr'><em>ἧ</em></span> <span class='ocrx_word' id='word_1_250' title='bbox 1998 4247 2078 4293; x_wconf 74' lang='grc' dir='ltr'>κε</span> <span class='ocrx_word' id='word_1_251' title='bbox 2105 4216 2489 4317; x_wconf 70' lang='grc' dir='ltr'><strong>φεροίμην.</strong></span> 
     </span>
    </p>
   </div>
   <div class='ocr_carea' id='block_1_11' title="bbox 262 4368 2494 4576">
    <p class='ocr_par' dir='ltr' id='par_1_11' title="bbox 262 4368 2494 4576">
     <span class='ocr_line' id='line_1_33' title="bbox 262 4368 2494 4471; baseline -0.004 -27"><span class='ocrx_word' id='word_1_252' title='bbox 262 4376 304 4444; x_wconf 91' lang='lat' dir='ltr'>i.</span> <span class='ocrx_word' id='word_1_253' title='bbox 334 4400 395 4446; x_wconf 90' lang='lat' dir='ltr'>e.</span> <span class='ocrx_word' id='word_1_254' title='bbox 424 4386 676 4448; x_wconf 80' lang='lat' dir='ltr'>utrum</span> <span class='ocrx_word' id='word_1_255' title='bbox 703 4377 830 4446; x_wconf 83' lang='lat' dir='ltr'>ille</span> <span class='ocrx_word' id='word_1_256' title='bbox 854 4376 1073 4471; x_wconf 82' lang='lat' dir='ltr'>sorte</span> <span class='ocrx_word' id='word_1_257' title='bbox 1111 4376 1535 4471; x_wconf 75' lang='lat' dir='ltr'>reperiatur</span> <span class='ocrx_word' id='word_1_258' title='bbox 1571 4375 1898 4461; x_wconf 75' lang='lat' dir='ltr'>vincere,</span> <span class='ocrx_word' id='word_1_259' title='bbox 1954 4395 2054 4441; x_wconf 82' lang='lat' dir='ltr'>an</span> <span class='ocrx_word' id='word_1_260' title='bbox 2100 4392 2246 4464; x_wconf 85' lang='lat' dir='ltr'>ego</span> <span class='ocrx_word' id='word_1_261' title='bbox 2275 4368 2494 4462; x_wconf 81' lang='lat' dir='ltr'>sorte</span> 
     </span>
     <span class='ocr_line' id='line_1_34' title="bbox 264 4470 2491 4576; baseline -0.001 -26"><span class='ocrx_word' id='word_1_262' title='bbox 264 4480 548 4551; x_wconf 72' lang='lat' dir='ltr'>vincere</span> <span class='ocrx_word' id='word_1_263' title='bbox 576 4481 888 4576; x_wconf 78' lang='lat' dir='ltr'>possim.</span> <span class='ocrx_word' id='word_1_264' title='bbox 993 4483 1102 4551; x_wconf 87' lang='lat' dir='ltr'>De</span> <span class='ocrx_word' id='word_1_265' title='bbox 1142 4481 1281 4552; x_wconf 90' lang='lat' dir='ltr'>hoc</span> <span class='ocrx_word' id='word_1_266' title='bbox 1309 4503 1563 4575; x_wconf 81' lang='lat' dir='ltr'>genere</span> <span class='ocrx_word' id='word_1_267' title='bbox 1605 4480 1742 4548; x_wconf 80' lang='lat' dir='ltr'>dixi</span> <span class='ocrx_word' id='word_1_268' title='bbox 1785 4479 1854 4547; x_wconf 89' lang='lat' dir='ltr'>in</span> <span class='ocrx_word' id='word_1_269' title='bbox 1892 4476 2049 4544; x_wconf 75' lang='lat' dir='ltr'>diss·</span> <span class='ocrx_word' id='word_1_270' title='bbox 2095 4475 2152 4543; x_wconf 93' lang='lat'>1.</span> <span class='ocrx_word' id='word_1_271' title='bbox 2186 4472 2277 4541; x_wconf 92' lang='lat' dir='ltr'>de</span> <span class='ocrx_word' id='word_1_272' title='bbox 2307 4470 2491 4564; x_wconf 80' lang='lat' dir='ltr'>l&#39;egg.</span> 
     </span>
    </p>
   </div>
   <div class='ocr_carea' id='block_1_12' title="bbox 364 4592 2080 4674">
    <p class='ocr_par' dir='ltr' id='par_1_12' title="bbox 364 4592 2080 4674">
     <span class='ocr_line' id='line_1_35' title="bbox 364 4592 2080 4674; baseline 0 -3"><span class='ocrx_word' id='word_1_273' title='bbox 364 4600 607 4672; x_wconf 66' lang='lat' dir='ltr'>nanu.</span> <span class='ocrx_word' id='word_1_274' title='bbox 661 4598 795 4674; x_wconf 77' lang='lat' dir='ltr'>Or.</span> <span class='ocrx_word' id='word_1_275' title='bbox 836 4600 952 4672; x_wconf 86' lang='lat' dir='ltr'>lv.</span> <span class='ocrx_word' id='word_1_276' title='bbox 2017 4592 2080 4662; x_wconf 83' lang='lat' dir='ltr'><strong>F</strong></span> 
     </span>
    </p>
   </div>
  </div>
 </body>
</html>
