3259 5275
1014 539 1190 605 LIB.
1229 540 1332 604 Ill.
1420 539 1538 601 CA
1559 540 1625 606 P.
1677 544 1782 609 lo.
1826 544 1929 607 11.
2462 550 2584 614 1⁶11

369 752 502 821 que
546 729 711 800 nihil
746 728 1159 822 frequentius
1178 672 1209 821 ‚l
1253 752 1459 823 quam
1504 729 1652 813 παῖς
1688 727 1824 810 ἄν,
1875 730 1946 801 ἱιι
1979 729 2117 802 hoc
2168 756 2424 829 genere
2464 746 2584 808 est.

368 834 604 939 Eurip.
633 834 876 928 Suppl.
905 831 1078 904 796.

466 999 614 1054 πως
663 971 756 1044 ἄν
810 967 1114 1070 ὀλοίμην
1163 996 1298 1045 συν
1340 973 1573 1052 τοῖσδε
1622 972 1902 1054 τέκνοις

570 1069 821 1150 νοινόν
872 1079 943 1157 ἐς
976 1072 1252 1174 Ἀιδην
1300 1075 1712 1169 καταβᾶσα.

362 1211 540 1281 Vide
591 1213 687 1281 ibi
729 1211 1252 1298 Marklandum‚
1306 1221 1375 1282 et
1409 1212 1929 1282 Valckenarium
1960 1211 2051 1281 ad
2087 1211 2375 1306 Hippol.
2412 1213 2585 1286 2⁰8.

360 1316 480 1407 qui
533 1325 762 1385 tamen
808 1339 1052 1406 quum,
1104 1325 1181 1385 ut
1227 1317 1399 1385 solet
1438 1318 1762 1408 exquisita
1804 1324 2081 1407 captare
2094 1367 2116 1403 ‚
2167 1316 2589 1410 Sophoclem

359 1419 649 1490 fortasse
698 1421 909 1489 semel
952 1429 1212 1488 tantum
1255 1419 1400 1499 πῶς
1426 1418 1518 1492 ἄν
1568 1420 1665 1489 ita
1705 1420 2014 1512 posuisse
2060 1419 2262 1504 dicit,
2315 1423 2584 1493 fallitur.

359 1521 539 1591 Vide
568 1523 991 1592 Brunckium
1028 1523 1118 1592 ad
1148 1523 1256 1593 Αἰ.
1302 1520 1474 1590 388.
1576 1526 1739 1594 Non
1784 1523 2003 1590 solum
2044 1532 2271 1592 autem
2311 1525 2457 1607 παῖς
2496 1525 2589 1601 ἄν
2631 1604 2641 1622 ,

359 1626 451 1694 ita
497 1636 901 1720 usurpatur,
952 1625 1076 1696 sed
1125 1625 1410 1717 quodvis
1453 1625 1639 1695 aliud
1679 1627 2233 1718 interrogativum
2280 1628 2586 1697 vocabu·
2670 1669 2675 1674 ·

357 1730 539 1814 lum,
591 1729 782 1821 quod
818 1730 1095 1821 quidem
1126 1730 1224 1799 rei
1269 1738 1505 1822 aptum
1535 1731 1651 1815 sit,
1704 1752 1857 1799 eam
1902 1730 2228 1806 rationem
2276 1728 2579 1802 admittit.

357 1833 451 1902 Vt
479 1832 611 1914 τίς.
711 1834 962 1904 Aesch.
993 1828 1387 1927 Ag.1457.

461 1970 609 2066 φεῦ
655 1968 767 2052 τίς
817 1970 910 2045 ἄν
951 1976 1028 2045 ἐν
1080 1963 1291 2060 τάχει
1339 1964 1448 2065 μή
1498 1962 1937 2067 περιόδυνος

455 2075 650 2198 μηδὲ
703 2066 1179 2171 δεμνιοτήρης

451 2180 680 2271 μολοι
732 2172 867 2251 τόν
921 2176 1063 2249 αἰεὶ
1114 2171 1415 2273 φέρουσ
1468 2180 1544 2250 ἐν
1598 2173 1774 2273 ἡμῖν

454 2276 672 2377 μοῖρ’
725 2276 1116 2355 ἀτέλευτον
1169 2277 1442 2372 innon,-

357 2415 538 2486 Vide
569 2416 793 2511 Soph.
829 2418 937 2489 Ai.
964 2413 1137 2488 879.

1402 2623 1526 2699 xl.

422 2776 563 2849 De
614 2777 1041 2873 optativo
1094 2800 1291 2850 cum
1341 2777 1452 2854 ἂν
1503 2779 1599 2849 in
1652 2777 2138 2849 sententia
2190 2782 2520 2853 condi-

1291 2898 1661 2971 tionalz'.

563 3035 933 3128 Reliquum
967 3048 1070 3106 est
1107 3047 1184 3107 ut
1224 3039 1314 3109 de
1347 3037 1686 3109 sententiis
1728 3037 2287 3108 conditionalibus
2314 3048 2384 3108 et
2412 3040 2585 3109 fina-

355 3135 535 3208 libus
562 3139 929 3210 videamus.

565 3243 718 3312 Et
698 3267 766 3313 m
797 3244 1224 3314 conditionali
1253 3243 1532 3336 quidem
1564 3243 1888 3316 sententia
1932 3209 2190 3336 duplex
2230 3252 2332 3313 est
2368 3245 2585 3337 parti-

359 3345 636 3414 culae
584 3374 677 3420 αν
707 3369 863 3416 cum
889 3349 1191 3441 optativo
1221 3347 1678 3434 constructio
1719 3348 1931 3417 altera
1958 3349 2240 3440 propria
2279 3358 2585 3418 veterum

358 3450 712 3541 epicorum
726 3501 747 3539 ‚
798 3453 1201 3545 particulam
1248 3453 1342 3521 sic
1384 3450 1721 3520 adiectam
1765 3450 2024 3521 habens
2046 3502 2068 3539 ‚
2118 3460 2194 3520 ut
2235 3453 2454 3546 magis
2491 3453 2584 3523 ad

358 3554 676 3622 voculam
742 3555 1266 3625 conditionalem
1280 3606 1301 3644 ,
1369 3577 1577 3647 quam
1644 3553 1735 3621 ad
1793 3556 2171 3647 optativum
2219 3557 2582 3649 pertineat:

359 3678 573 3746 quare
594 3657 835 3727 cultior
860 3682 1082 3729 sermo
1110 3669 1186 3728 ut
1212 3683 1352 3729 non
1377 3659 1822 3729 necessariam
1847 3659 2105 3728 omittit.
2158 3659 2350 3730 Iliad.
2376 3689 2444 3734 α.
2460 3655 2581 3731 59.

463 3790 849 3914 Ἀτρείδη,
898 3797 1031 3871 νῦν
1084 3824 1286 3891 αμμε
1337 3799 2078 3891 παλιμπλαγχθέντας
2129 3792 2262 3870 όιω

465 3894 579 3993 οἷψ
630 3893 1205 3997 ἀπονοστήσειν,
1259 3902 1333 3973 εἴ
1374 3926 1497 3974 κεν
1545 3892 1885 3974 θανατόν
1936 3928 2017 3994 γε
2069 3892 2451 3995 φύγοιμεν.

367 4059 419 4105 ε.
445 4031 619 4104 273.

468 4174 539 4246 εἰ
581 4165 826 4247 τούτω
870 4202 951 4248 κε
988 4123 1391 4269 λάβοιμεν,
1444 4166 1823 4269 ἀροίμεθά
1873 4197 1995 4247 κεν
2046 4171 2245 4253 κλέος
2294 4167 2583 4252 ἐσθλόν.

319 4289 690 4393 NQuibus
670 4332 739 4378 m
770 4312 939 4380 locis
980 4334 1069 4381 ne
1093 4320 1295 4404 putes
1328 4332 1553 4405 posse
1577 4310 1958 4405 significari,
2008 4309 2282 4402 plurimi
2314 4310 2586 4382 obstant

346 4405 479 4480 alii
504 4413 670 4497 loci,
720 4423 798 4484 ut
826 4415 1015 4484 Iliad.
1046 4423 1100 4503 ζ.
1136 4414 1262 4489 49.

468 4575 610 4624 Tm?
652 4553 774 4628 κέν
824 4578 953 4626 ‘toa
1003 4551 1392 4651 χαρίσαιΐθ
1442 4546 1688 4650 πατήρ
1740 4547 2075 4648 anaqam
2155 4544 2466 4642 (favent,

193 4136 264 4160 ἢκ
