3259 5275
723 508 813 572 ῃ
1407 501 1521 561 m:
1595 496 2150 562 Ριιιιιονιι
2191 493 2287 562 ἂν
2343 589 2346 594 μ

720 695 961 791 optimi
982 694 1169 766 libri:
1220 692 1430 787 vulgo
1462 683 1900 786 γιγνόμεθα.
2004 690 2174 777 Quis
2220 690 2335 760 hic
2373 715 2512 764 non
2555 695 2781 788 primo
2809 695 2948 765 ad·-

719 810 958 894 speetu
989 800 1096 868 vel
1120 791 1573 892 γιγνόμενοι,
1624 795 1835 886 quod,
1886 803 1961 865 ut
1988 797 2294 878 ἕξοντες,
2348 818 2434 866 ex
2459 799 2740 892 γνῶμεν
2762 823 2943 891 pen-

721 904 915 990 deat,
966 903 1078 971 vel
1114 902 1349 970 saltem
1379 897 1821 994 γιγνοίμεθα
1864 898 2262 991 exspectet?
2311 899 2406 968 Et
2445 910 2674 970 tamen
2718 903 2947 971 omnia

721 1016 907 1077 recte
948 1006 1221 1076 habent.
1318 1004 1424 1074 Ac
1456 1004 1750 1126 primum
1764 1051 1786 1087 ‚
1842 1003 1911 1072 in
1949 1025 2085 1094 quo
2119 1001 2480 1073 haeserunt
2520 1006 2946 1099 interpretes,

723 1107 814 1184 οὗ
847 1107 1012 1207 περὶ
1044 1109 1187 1182 τοῦ
1209 1100 1782 1205 τιμωρήσασθαί
1817 1134 1989 1180 τινα
2017 1106 2112 1175 sie
2146 1116 2248 1175 est
2289 1107 2580 1195 dictum,
2631 1120 2708 1179 ut
2754 1111 2948 1179 refe-

722 1224 907 1284 ratur
932 1213 1021 1282 ad
1053 1211 1299 1306 φίλος·
1344 1210 1618 1279 volebat
1647 1210 1825 1279 enim
1853 1210 2118 1298 dicere,
2170 1205 2299 1283 οὐκ
2333 1239 2427 1285 αν
2461 1209 2627 1308 περὶ
2657 1212 2800 1287 τοῦ·
2831 1240 2948 1285 ιη..

719 1309 1215 1415 μωρῆσασθαί
1260 1340 1433 1386 τινα
1482 1318 1688 1410 φίλοι
1742 1310 2218 1407 γιγνοίμεθα,
2289 1316 2544 1384 scilicet
2611 1315 2717 1397 οἷς
2770 1309 2948 1411 χρῆε

721 1420 843 1489 sed
884 1443 974 1489 ne
1015 1419 1119 1487 bis
1165 1417 1530 1486 dicendum
1568 1423 1747 1487 esset
1790 1415 2027 1513 φίλοι,
2079 1416 2150 1484 in
2191 1417 2401 1486 altera
2452 1428 2652 1544 parte
2694 1419 2946 1512 posuit,

723 1524 957 1593 addito
992 1521 1213 1592 statim
1254 1522 1608 1613 opposito.
1660 1529 1865 1611 atque
1891 1528 1966 1587 ut
2005 1518 2209 1614 φίλοι
2240 1530 2308 1589 et
2348 1518 2737 1618 διαφοροι,
2789 1528 2951 1604 τοῖς

723 1626 1093 1718 ἐχθίστοις
1131 1633 1200 1693 et
1243 1624 1350 1704 οἷς
1392 1621 1482 1697 οὐ
1540 1617 1683 1719 χρῆ
1718 1624 2007 1692 invicem
2056 1626 2413 1715 opposuit,
2480 1627 2576 1694 sic
2623 1626 2951 1719 opposuit

723 1732 927 1800 etium
955 1725 1395 1823 γιγνοίμεθα
1421 1724 1514 1799 ἅν
1545 1736 1613 1794 et
1645 1721 1811 1798 κατ’
1840 1719 2157 1821 α’ναγκην
2181 1722 2622 1821 γιγνόμεθα,
2664 1730 2761 1797 ita
2790 1730 2952 1819 qui-

724 1833 884 1902 dem
924 1841 1001 1900 ut
1036 1829 1375 1922 optativus
1413 1828 1504 1897 ad
1545 1827 1638 1901 ἄν
1674 1850 1759 1897 ex
1794 1830 1913 1897 illo
1958 1828 2317 1897 indicativo
2361 1832 2783 1924 supplendus
2837 1834 2946 1908 sit.

721 1936 961 2026 ltaque
994 1935 1199 2026 plene
1222 1934 1319 2001 sie
1348 1931 1565 2001 dicas.
1619 1926 1712 2005 οὐ
1735 1931 1900 2026 περὶ
1938 1931 2080 2004 τοῦ
2116 1926 2688 2031 τιμωρήσασθαι
2714 1928 2950 2032 ἀλλή-

722 2044 876 2120 λοις
918 2038 1122 2133 φίλοι
1173 2029 1682 2133 γενησόμεθα,
1750 2028 1936 2107 ema
1979 2035 2098 2106 καὶ
2157 2063 2388 2128 αγαν,
2454 2039 2525 2109 εἰ
2565 2035 2947 2128 τύχοιμεν,

723 2141 928 2262 φίλοι
950 2138 1169 2232 μὲν
1119 2166 1211 2210 αν
1241 2138 1681 2260 γιγνοίμεθα
1714 2142 1867 2216 τοῖς
1893 2135 2296 2229 ἐχθίστοις,
2350 2132 2706 2236 διάφοροι
2729 2141 2807 2214 δὲ
2839 2139 2952 2222 οἷς

724 2241 812 2319 οὐ
873 2237 1009 2340 χρῆ
1046 2237 1218 2315 κατ’
1276 2234 1594 2334 ἀνάγκην
1647 2234 2080 2332 γιγνόμεθα.
2183 2243 2342 2310 Non
2385 2243 2586 2312 valde
2629 2244 2950 2313 dissimile

723 2356 828 2418 est
865 2347 1002 2415 hoc
1048 2342 1527 2414 Demosthenis
1557 2340 1671 2410 Ol.
1713 2341 1767 2409 Ι.
1808 2364 1880 2463 p.
1931 2338 2053 2428 15,
2102 2342 2173 2412 8.
2229 2344 2402 2418 οὔτε
2441 2373 2581 2442 γαρ
2625 2375 2715 2428 ως
2752 2350 2955 2421 δοκει

588 2477 595 2484 ·
721 2450 845 2524 και
880 2443 1139 2570 φήσειέ
1175 2471 1300 2567 vec.
1328 2443 1421 2518 ἄν
1452 2471 1556 2541 μη
1594 2468 1882 2516 σκοπων
1923 2439 2274 2541 ἀκριβῶς,
2328 2447 2726 2541 εὐπρεπῶς,
2783 2445 2949 2523 οὐδ

727 2547 818 2635 οἷς
846 2579 940 2623 αν
967 2542 1300 2623 κάλλιστ’
1331 2575 1529 2643 αυτω
1555 2575 1649 2619 τα
1681 2544 2083 2643 πράγματα
2108 2551 2285 2639 ἔχοι.
2350 2551 2531 2620 Vide
2558 2552 2653 2620 ibi
2680 2551 2951 2622 Schne-

722 2658 980 2740 ferum‚
1033 2654 1142 2721 cui
1171 2652 1487 2744 displicet
1527 2653 1716 2742 ἔχει,
1767 2650 1962 2718 unice
1995 2653 2399 2742 probatur
2357 2681 2534 2745 εχοι.
2639 2655 2879 2725 Neutri
2906 2681 2964 2725 ῃ.

722 2757 924 2831 codd.
962 2756 1136 2825 fides
1188 2754 1399 2825 deest.
1499 2753 1842 2827 Vtrumvis
1876 2754 2161 2823 alterum
2206 2779 2291 2826 ex
2318 2781 2392 2826 se
2430 2759 2649 2852 repeti
2683 2761 2951 2854 cogita-

720 2868 903 2934 tione
930 2859 1244 2954 postulat.

925 2964 1173 3057 Aptius
1205 2961 1434 3030 afferri
1466 2960 1720 3054 poterit
1742 2957 1880 3030 hoe
1909 2958 2384 3054 Aristophanis
2411 2964 2479 3034 in
2508 2964 2898 3056 Eq.1131.

1058 3098 1296 3192 χοῦτω
1346 3099 1484 3194 μὲν
1538 3097 1670 3189 ἄν,
1724 3093 1809 3172 εὖ
1856 3104 2129 3189 ποιεῖς,

1056 3205 1122 3277 εὶ
1176 3229 1295 3276 σοι
1344 3197 1701 3328 πυκνότης
1751 3198 1986 3276 ἔνεστ’

1057 3310 1135 3381 ἐν
1175 3306 1294 3431 τῷ
1341 3299 1633 3431 τρόπῳ,
1685 3331 1776 3387 ως
1824 3305 2082 3398 λέγεις,

1055 3401 1297 3503 τούτῳ
1350 3402 1541 3481 πάνυ
1587 3401 1840 3504 πολλή.

725 3545 921 3615 Haec
970 3553 1072 3614 est
1113 3546 1267 3615 libri
1309 3545 1721 3616 Ravennatis
1764 3546 2185 3637 aliorumque
2224 3547 2592 3640 scriptura,
2656 3569 2835 3638 quae
2895 3549 2953 3618 si

727 3650 823 3719 sic
874 3649 1300 3742 intelligitur,
1367 3646 1559 3722 οὕτω
1596 3647 1736 3740 μὲν
1785 3647 1878 3721 ἄν
1905 3651 2181 3741 ποιῶν,
2234 3645 2318 3724 εὖ
2346 3656 2622 3730 ποιεῖς,
2674 3674 2810 3720 non
2846 3661 2954 3720 est

725 3751 916 3845 quod
956 3775 1109 3820 eam
1149 3752 1506 3843 vituperes,
1609 3748 1756 3819 Sed
1798 3774 2009 3841 quum
2057 3759 2293 3834 ποιοῖς
2339 3754 2408 3821 in
2454 3753 2605 3821 cod.
2648 3752 2819 3823 Ven.
2866 3778 2954 3825 ae

726 3856 919 3927 Suid.
955 3854 1114 3925 edd.
1159 3864 1318 3923 vett.
1363 3862 1432 3922 et
1470 3853 1623 3922 cod.
1656 3850 1877 3923 Oxou.
1910 3856 2212 3947 legatur,
2263 3878 2402 3924 non
2431 3879 2607 3949 opus
2638 3866 2741 3925 est
2765 3857 2950 3925 indi-

725 3961 1016 4029 cativum
1040 3958 1233 4027 tueri.
1337 3957 1549 4043 Quod
1582 3957 1919 4028 Stobaeus
1957 3960 2179 4036 Serm.
2212 3959 2399 4030 XXI.
2434 3956 2506 4028 5.
2539 3983 2627 4030 ex
2651 3958 2949 4032 Menan-

725 4064 832 4133 dri
852 4063 1353 4155 Thrasyleonte
1382 4061 1630 4151 attulit,

931 4210 1122 4257 κατα
1173 4178 1386 4255 πολλ’
1439 4179 1532 4255 ἄν
1582 4178 1780 4256 ἐστίν
1832 4208 1921 4257 ου
1961 4181 2188 4265 καλῶς
2238 4182 2620 4311 εἰρημένον

926 4314 1016 4361 το
1072 4286 1306 4380 γνωθι
1359 4279 1665 4359 σαυτόν·
1719 4309 2265 4385 χρησιμωτερον
2314 4280 2457 4384 γάρ
2509 4280 2601 4385 ἦν

929 4418 1020 4464 το
1072 4389 1310 4483 γνῶθι
1358 4415 1531 4471 τους
1580 4385 1875 4468 ἄλλους·

728 4513 845 4582 ubi
891 4512 1081 4606 apud
1123 4511 1369 4582 Anton.
1419 4509 1681 4579 Meliss.
1727 4507 2054 4601 scriptum
2097 4516 2201 4580 est
2245 4503 2439 4583 κατεῖ
2472 4509 2796 4593 πολλῶν,
2857 4510 2952 4582 Η.

2876 4224 2943 4284 ,33
