3259 5275
763 459 850 523 82
1455 449 1569 512 DE
1616 447 2158 512 PARTIGVLA
2204 444 2298 515 ἄν

763 677 922 722 cans
973 672 1168 720 usum
1228 645 1500 718 Pindari
1539 646 1724 742 ἐρέει
1782 647 2162 738 requirere,
2208 646 2301 721 ἄν
2348 646 2708 718 delendum
2758 658 2970 741 putat.

761 760 854 827 At
882 757 1016 823 hoc
1049 755 1159 822 vix
1190 750 1570 819 addiderint
1605 752 1889 837 librarii,
1942 774 2114 841 quos
2160 752 2540 828 credibilius
2585 761 2686 820 est
2725 753 2836 832 τὶς
2869 754 2977 820 ἱιι-

761 860 1072 929 seruisse:
1164 857 1362 924 Patet
1395 876 1557 922 vero
1574 902 1595 939 ,
1650 854 1742 928 ἄν
1779 877 1916 922 non
1942 855 2032 922 ad
2061 856 2376 943 verbum,
2428 856 2551 925 sed
2581 855 2672 923 ad
2696 855 2976 947 partici-

759 965 952 1056 pium
980 959 1412 1030 referendum
1443 979 1612 1026 esse.
1716 958 1858 1027 Sed
1896 958 2085 1049 quod
2123 959 2332 1052 apud
2351 959 2667 1029 eumdem
2696 968 2980 1093 poetam

672 1115 679 1121 -
759 1065 990 1135 Isthm.
1022 1063 1106 1132 V.
1151 1058 1272 1131 54.
1323 1060 1714 1181 Boeckhius
1763 1062 1961 1130 scribi
2001 1063 2180 1148 vult,
2233 1058 2602 1158 εἰρήσεταί
2635 1055 2740 1157 uqi
2779 1066 2854 1134 κ’
2897 1066 2978 1137 ἐν

758 1167 1211 1263 βραχίστοις,
1262 1174 1338 1233 ut
1367 1192 1408 1237 x
1420 1159 1552 1237 ἐν
1584 1163 1668 1232 Sit
1688 1186 1818 1256 pro
1850 1193 1929 1238 κε
1961 1169 2065 1254 ἐν,
2116 1166 2192 1234 id
2223 1167 2334 1234 vel
2359 1177 2646 1258 propter
2674 1166 2978 1234 colloca-

758 1274 1010 1340 tionem
1054 1270 1328 1339 istarum
1376 1268 1853 1360 particularum
1895 1268 2145 1337 Graeci
2184 1270 2506 1338 sermonis
2550 1270 2719 1337 ratio
2760 1290 2977 1362 repu-

760 1376 920 1442 diat.
972 1372 1416 1464 Thucydides
1453 1370 1538 1440 11.
1583 1369 1708 1439 86.
1746 1372 1888 1444 τοῦ
1914 1367 1992 1444 δ
2026 1373 2265 1445 αὐτοῦ
2295 1375 2597 1465 θέρους,
2654 1367 2744 1445 οὐ
2785 1378 2979 1445 πολ-

758 1479 862 1573 λςὸ
886 1474 1193 1572 ὕστερον
1222 1467 1540 1552 τούτων..
1588 1469 2158 1570 Ἀμπρακιωται
2198 1475 2317 1546 καὶ
2345 1469 2659 1565 Χάονες,
2712 1469 2978 1568 βουλό·

755 1605 972 1673 μενοι
1015 1575 1509 1673 Ακαρνανίαν
1558 1577 1802 1649 πᾶσαν
1856 1580 2524 1675 καταστρέψασθαι
2564 1577 2686 1650 καὶ
2726 1573 2978 1701 Αθη-

755 1681 980 1757 ναίων
1008 1677 1451 1774 ἀποστῆσαι,
1503 1677 1850 1752 πείθουσι
1869 1680 2499 1775 Λακεδαιμονίους
2518 1674 2862 1754 ναυτικόν
2888 1709 2979 1754 τε

755 1778 1460 1902 παρασκευάσασθαι
1505 1786 1580 1855 ἐκ
1616 1781 1745 1878 τῆς
1808 1784 2292 1876 ευμμαχίδος,
2344 1784 2466 1855 καὶ
2517 1781 2816 1863 ὁπλίτας
2848 1812 2977 1873 χι-

753 1888 950 1968 λιόυς
984 1888 1276 1981 πέμψαι
1326 1889 1396 1966 ἐς
1435 1880 1978 1973 Ἀκαρνανιᾞαν
2046 1889 2370 2010 λε’γρντες
2410 1883 2573 1975 ὅτι,
2624 1886 2716 1981 ἢν
2760 1885 2980 1960 ναυσὶ

754 1990 876 2064 καὶ
906 1988 1090 2084 πεζῷ
1130 1986 1289 2080 ἅμα
1322 2015 1515 2081 μετα
1546 2012 1748 2081 σφων
1779 1989 2076 2077 ἔλθωσι,
2132 1983 2590 2062 ‹idoneis-mv*
2543 2016 2777 2063 οντων
2805 1998 2978 2081 ξυμ-

753 2099 1060 2192 βοηθεῖν
1124 2119 1272 2164 των
1337 2116 1482 2162 απο
1543 2082 1910 2188 θαλάσσης
1965 2086 2478 2185 Ακαρνανων,
2561 2091 2821 2190 ρᾳδίως
2879 2119 2977 2166 αν

753 2193 1250 2324 ’.ᾅκαρνανίαν
1295 2186 1603 2320 σχόντες
1634 2191 1754 2265 καί
1793 2193 1922 2288 τῆς
1968 2192 2396 2268 Ζακύνθου
2411 2189 2530 2266 καὶ
2573 2197 2976 2292 Κεφαλλη-

734 2298 910 2379 νίας
949 2290 1434 2395 κρατήσουσι,
1485 2321 1605 2367 και
1637 2292 1680 2367 ὁ
1721 2296 2111 2391 περίπλους
2157 2293 2404 2371 ου’κέτι
2445 2298 2690 2371 ἔσοιτο
2723 2293 2976 2396 Ἀθη-

754 2401 985 2480 ναίοις
1036 2397 1290 2491 ὁμοῖος
1334 2395 1497 2492 περὶ
1555 2393 2143 2519 Πελοπόννησον.
2244 2400 2563 2469 Nonnulli
2617 2399 2821 2469 codd.
2877 2428 2975 2474 αν

751 2505 1095 2584 omittunt3
1147 2501 1255 2569 alii
1287 2500 1543 2568 habent
1582 2492 2012 2596 κρατήσωσι.
2117 2502 2304 2570 Nihil
2332 2526 2498 2572 vero
2539 2504 2677 2573 vitii
2708 2505 2780 2572 in
2814 2503 2975 2572 vul-

736 2617 929 2700 gata.
1031 2603 1302 2697 Nempe
1334 2603 1392 2673 si
1427 2604 1789 2697 separatim
1832 2604 2098 2697 singula
2124 2607 2461 2698 posuisset
2499 2606 2974 2700 Thucydides,

747 2712 841 2778 ita
882 2709 1285 2802 scripsisset.
1339 2706 1460 2780 ὅτι
1512 2705 1774 2804 ρᾳδίως
1814 2736 1906 2780 αν
1951 2704 2442 2805 Ἀκαρνανίαν
2497 2716 2781 2801 σχοῖεν,
2846 2711 2975 2784 καὶ

749 2813 877 2908 τῆς
908 2810 1298 2884 Ζακύνθου
1325 2837 1442 2882 και
1471 2809 1983 2905 Κεφαλληνίας
2015 2807 2522 2909 κρατήσουσιν.
2600 2814 2710 2882 Εο
2739 2813 2974 2883 differt

750 2915 943 2984 huius
973 2915 1107 2982 loci
1133 2913 1454 2982 sententia
1480 2912 1569 2979 ab
1600 2913 1793 2980 simili
1820 2913 1931 2982 vl.
1978 2912 2099 2984 33.
2131 2910 2550 3007 ηγοῦμενοι,
2605 2919 2678 2989 εἰ
2690 2944 2972 3016 ταυτην

748 3024 1013 3109 σχοῖεν,
1068 3015 1326 3114 ρᾳδίως
1365 3014 1483 3089 καί
1521 3012 1755 3087 τᾶλλα
1801 3021 2004 3099 ἕξειν.
2107 3017 2438 3088 Isocrates
2477 3020 2569 3088 ud
2606 3019 2968 3092 Demonic.

747 3117 820 3217 §.
856 3119 976 3190 25.
1010 3144 1088 3245 p.
1108 3119 1179 3189 8.
1207 3121 1429 3212 Lang.
1461 3118 1709 3210 vulgo.
1762 3115 1953 3192 οὕτω
1983 3116 2057 3195 δ’
2093 3146 2188 3194 αν
2224 3148 2495 3218 αριστα
2529 3115 2780 3219 χρήσει
2813 3129 2971 3203 τοῖς

749 3223 1006 3348 φίλοις,
1059 3216 1189 3298 έαν
1225 3250 1329 3320 μη
1365 3221 1751 3321 περιμένῃς
1773 3248 1904 3304 τας
1928 3219 2111 3319 παρ’
2140 3223 2424 3298 ἐκείνων
2424 3220 2746 3347 δεήσεις,
2797 3220 2967 3298 ἀλλ’

747 3322 1183 3420 αυτοὶγγελος
1238 3322 1488 3407 αυτοῖς
1541 3329 1619 3398 ἐν
1680 3331 1833 3405 τοῖς
1874 3331 2155 3419 καιροῖς
2204 3326 2505 3424 βοηθῇς.
2607 3326 2804 3411 Iure,
2884 3337 2965 3396 ut

740 3430 906 3499 mihi
945 3431 1245 3515 videtur,
1296 3429 1474 3497 hanc
1521 3426 1923 3548 scripturam
1966 3428 2219 3520 probat
2257 3430 2628 3500 WcrferuS.
2735 3430 2962 3502 Codd.

741 3523 1018 3624 qmdam
1062 3534 1372 3601 omittunt
1399 3529 1531 3603 ἅν·
1503 3585 1526 3623 ,
1581 3531 1725 3616 alii,
1775 3531 1844 3599 in
1879 3530 2091 3621 iisque
2125 3530 2448 3624 Vrbinas,
2494 3535 2697 3602 etiam
2739 3556 2962 3627 copu—

739 3637 922 3727 lam,
977 3632 1204 3716 οὕτως
1248 3632 1518 3730 ἄριστα
1567 3632 1977 3727 σιιίιῆῑιμιεε.
2082 3634 2269 3720 Quid
2316 3636 2399 3704 sit
2439 3636 2607 3705 illud
2654 3634 2847 3711 οὕτω
2885 3633 2964 3712 δ’.

741 3737 875 3829 ἄν,
927 3738 1292 3830 intelligas,
1343 3738 1460 3805 ubi
1503 3737 1710 3828 plene
1756 3737 2042 3825 dixeriS‚
2096 3734 2289 3810 οὕτω
2320 3735 2394 3811 δ
2435 3767 2527 3814 αν
2563 3732 2959 3835 χρώμενος,

634 3910 639 3915 ,
739 3838 1011 3938 ἄριστα
1056 3839 1333 3960 χρήσει.
1429 3838 1799 3908 Aeschines
1834 3841 1925 3909 de
1967 3840 2137 3909 falsa
2181 3841 2317 3933 leg.
2372 3836 2444 3936 §.
2498 3841 2616 3910 ll.
2663 3865 2734 3934 p.
2782 3840 2960 3912 196.

736 3944 974 4014 Reisk.
1013 3941 1202 4017 οὕτω
1227 3968 1375 4066 γαρ
1417 3970 1510 4017 αν
1534 3935 1856 4036 μα’λιστα
1880 3937 2357 4040 μεμνήσομαι
2381 3942 2502 4016 καὶ
2545 3939 2958 4039 δυνήσομαι

736 4049 991 4136 εἰπεῖν,
1046 4046 1165 4119 καὶ
1200 4043 1404 4140 ὑμεῖς
1431 4039 1890 4142 μαθήσεσθε.
1969 4045 2181 4131 Quod
2207 4046 2370 4137 quid
2397 4047 2582 4116 aliud
2607 4056 2710 4117 est
2750 4070 2958 4139 quam

735 4147 928 4222 οὕτω
961 4177 1101 4247 γαρ
1131 4178 1224 4223 αν
1257 4148 1527 4222 ποιοῖν.
1511 4145 1551 4196 9
1577 4148 1723 4219 Sed
1746 4148 1859 4217 hic
1886 4155 2162 4240 quoque
2192 4150 2393 4218 codd.
2423 4150 2720 4221 nonnulli
2751 4153 2957 4220 omit-—

733 4260 883 4321 tunt
914 4279 1025 4325 αν.
1134 4253 1389 4329 Contra
1435 4252 1623 4345 apud
1652 4251 1930 4321 Lucian.
1973 4252 2148 4321 Dian.
2191 4262 2388 4322 mort.
2430 4254 2616 4325 XIII.
2654 4251 2726 4322 6.
2771 4253 2859 4323 Τ.
2895 4255 2953 4323 Ι.

732 4379 803 4448 p.
834 4355 1007 4426 394.
1040 4366 1109 4426 et
1155 4356 1244 4425 de
1277 4356 1561 4428 calumn.
1596 4377 1732 4424 non
1761 4364 2019 4425 temere
2054 4355 2238 4426 cred.
2271 4354 2341 4427 6.
2372 4356 2459 4426 Τ.
2491 4356 2612 4426 ΙΠ.
2658 4380 2728 4450 p.
2776 4355 2953 4429 133.

727 4461 799 4528 in
829 4459 962 4532 hac
985 4462 1324 4531 locutione
1347 4481 1478 4555 pro
1510 4459 1741 4530 futuro
1769 4460 2141 4554 optativum
2169 4460 2631 4556 praebuerunt
2655 4458 2950 4531 codices.
