3259 5275
745 471 1334 536 mem-:omnm
1381 473 1604 536 usna
1651 445 1972 540 anvss
2330 482 2462 548 84⁰

247 667 528 737 destiam
572 672 642 733 et
681 662 1130 734 temeritatem
1188 663 1505 733 admonui
1522 715 1544 752 ,
1615 672 1943 756 tantoque
1989 665 2303 759 impletus
2356 681 2457 740 est

247 780 421 841 metu
441 821 462 857 ,
513 768 805 837 maxime
853 768 1041 859 quod
1090 768 1162 836 in
1205 767 1541 836 Beckium
1585 767 2113 861 intemperanter
2154 767 2455 846 invectus

245 883 417 945 esset
431 924 452 960 ,
503 881 580 942 ut
614 895 688 942 se
716 870 1116 965 Gottingam
1158 871 1468 940 conferre
1503 873 1864 943 consultius
1907 872 2207 948 duceret.
2309 878 2457 947 Sed

244 976 537 1048 Beckius
550 1026 572 1064 ,
622 983 699 1043 ut
742 984 887 1044 erat
921 997 1211 1066 aequum
1229 1023 1251 1059 ,
1317 976 1458 1046 risit
1510 976 1850 1046 feroculos
1882 977 2179 1070 impetus
2213 978 2558 1052 adole-lt)

246 1082 520 1152 scentisz
574 1078 1023 1164 SchaeferuS,
1075 1078 1355 1148 sauciari
1402 1102 1476 1148 se
1503 1101 1639 1147 non
1668 1079 2106 1172 dedignatus,
2160 1104 2457 1173 aequum

245 1184 593 1268 iudicavit,
649 1191 838 1252 certo
878 1183 1084 1268 scire,
1150 1204 1193 1251 a
1230 1205 1342 1251 me
1379 1204 1675 1274 procusa
1718 1207 1864 1253 esse
1910 1186 2079 1271 tela,
2133 1208 2309 1275 quae
2344 1211 2457 1257 me

245 1288 448 1358 inscio
481 1295 551 1355 et
588 1285 771 1354 facta
814 1294 884 1354 et
910 1285 979 1354 in
1011 1286 1238 1378 ipsum
1279 1285 1580 1354 coniecta
1612 1296 1801 1369 sunt3
1852 1287 1969 1356 ubi
2007 1297 2233 1357 autem
2273 1289 2456 1360 facta

247 1391 683 1481 coniectaque
716 1390 1052 1483 comperi,
1095 1411 1400 1461 severam
1434 1389 1631 1459 fabro
1663 1413 1787 1459 suo
1833 1413 1875 1459 a
1914 1413 2028 1460 me
2062 1392 2455 1485 castigatio-
2501 1413 2508 1418 ·

244 1518 393 1565 nem
425 1516 788 1588 peperere.

441 1599 754 1669 Alterum
784 1596 927 1665 ficti
965 1593 1251 1666 criminis
1284 1598 1674 1690 exemplum
1712 1599 1932 1691 magis
1961 1599 2457 1670 accommoda-

244 1710 378 1771 tam
415 1702 567 1771 vitis
605 1701 874 1787 vestris,
927 1699 1164 1792 optimi
1192 1698 1527 1794 Magistri,
1580 1701 1848 1771 dicendi
1875 1704 2220 1772 materiam
2247 1727 2456 1796 prae-

245 1805 459 1892 bebit,
511 1806 677 1896 quia
717 1802 973 1894 aliquid
1020 1804 1256 1872 saltem
1301 1804 1511 1874 habet
1525 1855 1546 1891 ,
1618 1805 1809 1896 quod
1847 1805 2150 1876 homines
2187 1807 2455 1882 litterati

244 1931 374 1978 non
417 1908 563 1978 sine
593 1908 735 1978 ullo
772 1906 863 1975 ad
905 1904 1127 1975 studia
1168 1929 1291 1977 sua
1323 1909 1544 1977 fructu
1587 1908 1843 2002 legant.
1945 1910 2026 1979 Iu
2071 1909 2456 1980 adnotatio-

243 2012 430 2081 nibus
467 2012 563 2081 ad
603 2008 1044 2081 Plutarchum
1083 2009 1218 2078 vol.
1260 2010 1340 2083 V.
1383 2035 1454 2103 p.
1503 2007 1677 2081 2⁰5.
1723 2012 1897 2082 haec
1929 2012 2227 2106 scripsit:
2284 2014 2453 2084 Me-

247 2116 591 2186 letemata
638 2115 777 2184 illa
838 2120 1081 2186 tenent
1129 2136 1321 2206 quae
1361 2115 1770 2208 pervellem
1811 2124 1946 2185 aut
1998 2115 2273 2187 omissa
2320 2127 2454 2189 aar

249 2220 461 2290 aliter
489 2219 803 2313 scripta.
903 2216 1218 2286 Interim
1241 2217 1694 2313 prqfioemmt
1726 2219 1938 2289 haud
1955 2220 2231 2313 paucis
2268 2221 2451 2291 tiro-

245 2344 445 2393 num.-
502 2332 588 2394 ut
628 2319 1020 2416 scn‘psisse
1051 2342 1168 2391 me
1197 2344 1343 2392 mm
1358 2322 1757 2416 poeniteat.
1836 2321 2001 2393 Sed
2047 2323 2241 2393 hunc
2272 2347 2451 2418 quo-

248 2449 379 2518 que
405 2425 731 2497 libellum
755 2436 828 2496 et
858 2425 1068 2511 olim,
1123 2426 1637 2521 cumprimum
1661 2426 2075 2521 prodiisset
2114 2426 2187 2497 in
2218 2429 2456 2498 lucem

246 2529 783 2619 (wer-echium
838 2539 1073 2600 testor
1109 2528 1287 2601 bene
1329 2551 1661 2624 gnarum
1702 2530 1903 2600 illius
1936 2532 2454 2624 tempestatis),

245 2644 313 2705 et
359 2657 597 2730 nuper
661 2638 1116 2707 adrosertmt
1160 2635 1418 2705 dentes
1470 2633 1796 2729 maligni
1852 2632 2457 2708 obtrectatorum,

244 2739 394 2807 Non
433 2740 603 2809 fecit
659 2739 871 2827 bene,
922 2738 1130 2829 ‘qnod
1178 2737 1661 2809 Thierschium
1713 2747 1817 2809 est
1850 2747 2154 2815 testatus.
2273 2742 2454 2810 Nam

245 2864 456 2933 neque
490 2843 613 2912 hic
640 2841 777 2925 vir,
831 2842 951 2932 qui
974 2842 1036 2910 ei
1062 2864 1423 2936 responsor
1456 2843 1525 2911 in
1553 2843 1832 2935 publica
1858 2842 2252 2914 defensioue
2289 2843 2453 2915 Me·-

245 2945 628 3016 letematum
653 2953 799 3016 erat
813 2992 837 3031 ,
887 2945 1133 3014 falsum
1159 2947 1529 3035 testabitur,
1580 2941 1844 3035 (animo
1873 2947 2049 3016 enim
2080 2970 2228 3017 esse
2254 2948 2455 3017 liber·

245 3049 441 3138 rimo,
489 3072 719 3141 neque
766 3056 883 3118 aut
913 3056 1099 3118 metu
1133 3059 1255 3118 aut
1281 3050 1502 3144 gratia
1538 3049 1731 3143 capi,
1784 3049 1932 3140 quis
1963 3051 2176 3119 nescit
2189 3050 2274 3141 ?)
2326 3073 2454 3120 ne-

246 3174 373 3242 que
403 3153 573 3222 alius
619 3152 1004 3222 auditorum
1043 3151 1251 3239 ullus,
1303 3152 1421 3244 qui
1462 3175 1717 3247 magno
1744 3175 2028 3222 numero
2059 3153 2454 3223 circumste-

246 3263 490 3327 terunt:
561 3255 631 3325 in
679 3255 923 3346 quibus
970 3254 1098 3323 fuit
1130 3256 1234 3324 vir
1274 3256 1580 3325 eximiam
1628 3266 1869 3348 postea
1911 3256 2282 3325 claritatem
2324 3255 2454 3324 ad-

248 3369 435 3451 eptus
448 3410 469 3444 ,
550 3382 755 3450 quem
809 3358 1120 3427 miratum
1188 3359 1328 3429 scio
1343 3408 1364 3435 .
1439 3360 1557 3449 qui
1608 3360 1734 3428 ista
1799 3359 2097 3429 scribere
2158 3358 2457 3452 potuerit

249 3460 686 3533 Schaeferust
735 3460 859 3531 sed
886 3462 1233 3530 nominare
1259 3463 1458 3545 uolo,
1507 3485 1618 3547 ne,
1670 3462 1933 3531 illaesus
1965 3461 2228 3549 adhuc,
2275 3484 2454 3556 poe-

249 3585 360 3634 nas
387 3566 526 3635 det.
630 3564 946 3634 Narrabo
986 3587 1167 3651 rem,
1217 3562 1395 3635 sicut
1427 3575 1578 3635 acta
1606 3576 1730 3639 est.
1837 3563 2278 3656 Obsequutus
2312 3574 2457 3635 erat

250 3666 656 3739 Schaeferus
697 3669 864 3737 meis
905 3667 1326 3758 aliorumque
1368 3668 1946 3739 adhortationibus
1963 3723 1984 3759 ‚
2035 3678 2112 3737 ut
2145 3692 2220 3757 se
2261 3669 2455 3741 ahie«
2565 3744 2578 3753 ,

253 3779 359 3840 cto
414 3796 592 3864 quae
631 3770 1033 3863 typothetae
1077 3782 1480 3864 peccassent
1529 3772 1916 3866 corrigendi
1967 3771 2137 3841 tristi
2174 3772 2453 3867 negotio

252 3872 336 3942 ad
364 3873 709 3945 docendas
733 3875 805 3943 in
828 3873 1267 3946 Vniversitate
1296 3885 1529 3946 nostra
1562 3878 1870 3967 antiquas
1898 3876 2154 3945 litteras
2180 3876 2453 3946 confer-

253 3985 384 4063 ret,
429 3987 922 4071 paraturusque
962 3978 1088 4047 sibi
1135 3978 1209 4046 id
1249 3979 1352 4048 ius
1400 3989 1548 4049 erat
1584 3979 2037 4051 Meletematis
2083 3977 2177 4047 ad
2216 3978 2455 4074 dispu-

255 4079 525 4150 tandum
565 4080 845 4175 publice
869 4081 1253 4174 propositis.
1355 4082 1482 4152 Me
1508 4082 1621 4152 ille
1635 4134 1656 4172 ,
1708 4084 1960 4152 amicus
2004 4105 2088 4152 eo
2120 4090 2455 4175 tempore,

252 4195 640 4276 rogaverat,
686 4192 762 4254 ut
794 4183 1300 4271 contradictoris
1329 4194 1561 4279 partes
1597 4188 2029 4281 susciperem.
2131 4185 2457 4256 Libenter

253 4289 551 4376 promisi,
601 4287 977 4382 rogavique
992 4336 1015 4370 ,
1066 4289 1384 4379 qnoniam
1414 4290 1713 4360 sciebam
1745 4300 1816 4360 et
1843 4311 2169 4383 magnum
2206 4288 2453 4357 librum

256 4395 322 4456 ct
355 4391 806 4483 plenissimum
854 4393 1264 4484 scriptorum
1306 4393 1726 4465 citationibus
1766 4394 2007 4478 scribi,
2076 4401 2153 4461 ut
2191 4391 2456 4485 singula

256 4489 446 4584 folia,
496 4495 891 4587 simulatque
928 4495 1198 4589 prelum
1236 4497 1684 4588 reliquissent,
1734 4497 2061 4584 mitteret,
2113 4516 2254 4585 quo
2288 4494 2453 4564 mihi
