3259 5275
882 329 2478 419 nlssEa'rAT1o.237

290 540 457 616 α’λλα
494 531 601 638 μή
648 531 940 634 φθόνει.
1021 539 1567 633 παραπέτασμα
1611 531 1752 632 γαῖρ
1806 536 1994 632 ημᾶς
2046 536 2467 632 ἀπετείχιζε,

287 645 392 717 καὶ
413 643 632 717 τοῦτο
651 643 1309 763 ἑρρωμενέστατοιζ,
1352 637 1442 714 οὐ
1467 634 1695 715 πάλαι
1726 638 2252 765 dasp'p‘wyo'voc‘
2223 646 2463 720 ιστίου

286 740 655 838 uuinton,
714 744 1216 841 σωφρονοῦσιν
1242 737 1663 841 οἷνθρωποις
1702 739 1796 818 vo*
1819 752 2054 834 τεῖχος
2092 740 2185 819 ‘to‘
2219 752 2463 839 Σεμι-

286 843 589 948 ράμιδος.
692 849 785 917 Et
814 848 1138 939 Synesius
1167 847 1441 937 quidem
1474 857 1682 932 recte,
1732 856 1808 916 ut
1833 872 2037 939 qnam
2069 850 2469 943 impervium

285 954 397 1023 sibi
444 954 663 1021 velum
707 952 878 1020 illud
936 974 1087 1021 esse
1136 951 1521 1043 putaverint
1563 951 2004 1021 indicaturus·
1988 1004 2005 1022 .
2068 955 2247 1023 male
2302 978 2466 1025 vero

283 1057 569 1125 Paullusz
639 1057 756 1147 qui
809 1057 865 1124 si
904 1056 1330 1124 tenuissimae
1376 1056 1576 1123 vestis
1621 1055 1892 1124 obiectu
1939 1058 2214 1125 nimium
2259 1081 2334 1127 se
2378 1060 2466 1128 ab

282 1161 482 1229 amica
508 1159 805 1228 distineri
841 1159 1163 1251 putabat,
1214 1181 1435 1248 neque
1468 1169 1716 1248 quanto
1760 1160 1977 1251 spatio
2010 1183 2234 1251 neque
2261 1184 2467 1252 quam

282 1264 699 1355 insuperabili
726 1272 925 1354 septo
955 1271 1317 1349 arceretur,
1368 1261 1489 1331 sed
1519 1285 1721 1352 quam
1745 1265 2035 1355 penitus,
2087 1264 2312 1333 dicere
2340 1266 2466 1335 de-

282 1368 489 1436 bebat.
592 1367 807 1456 Atqui
849 1366 1115 1458 penitus
1162 1367 1363 1434 etiam
1402 1366 1613 1455 quivis
1659 1388 1888 1435 murus
1926 1367 2037 1435 vel
2075 1370 2299 1459 paries
2354 1392 2467 1438 se-

284 1470 598 1539 cluderet:
652 1471 835 1538 anxit
876 1492 1046 1563 ergo
1064 1521 1085 1557 ,
1140 1491 1279 1559 quo
1308 1467 1630 1562 augendo
1661 1469 1826 1538 nihil
1852 1471 2165 1562 profecit.
2271 1472 2467 1542 Alter

280 1596 628 1666 perperam
666 1573 960 1666 augendi
996 1572 1235 1641 modus
1249 1624 1270 1660 ,
1317 1574 1432 1663 qui
1473 1581 1576 1641 est
1617 1574 1684 1639 in
1724 1574 2183 1665 perturbanda
2221 1577 2468 1668 ampli-

280 1678 594 1765 ficatione,
646 1678 716 1745 in
742 1678 891 1763 illa,
944 1678 1130 1745 cuius
1164 1678 1571 1745 mentionem
1603 1676 1907 1765 fecimus,
1958 1675 2308 1747 Minervae
2336 1703 2469 1772 ga—

281 1781 377 1848 lea
415 1782 560 1872 ipse
620 1803 892 1871 quoque
935 1781 1364 1872 conspicitur.
1467 1781 1647 1848 Nam
1678 1781 1878 1873 galea
1921 1804 2130 1871 quum
2166 1783 2357 1851 nnius
2382 1785 2467 1852 sit

283 1885 497 1977 capitis
549 1892 1054 1977 tegumentum,
1106 1906 1507 1976 perversum
1561 1893 1664 1952 est
1717 1907 1868 1952 eam
1925 1885 2289 1954 multorum
2348 1909 2468 1954 ca·-

282 1987 481 2079 pitum
506 2010 836 2081 capacem
863 1987 1112 2073 dicere,
1162 1988 1319 2078 quia
1346 1986 1877 2079 magnitudinem
1904 1989 2146 2081 galeae
2171 2012 2308 2058 non
2335 2013 2468 2059 nu-

282 2114 454 2160 mero
478 2093 798 2185 capitum,
850 2091 972 2160 sed
999 2113 1314 2160 mensura
1340 2091 1514 2158 illins
1543 2090 1798 2181 capitis,
1852 2093 1961 2159 cui
1987 2091 2314 2172 destinata
2340 2104 2466 2178 est,

282 2196 607 2265 metimur:
660 2204 737 2263 ut
769 2195 982 2263 multo
1007 2195 1248 2263 rectius
1275 2217 1469 2263 mons
1501 2193 1717 2262 dictus
1743 2204 1918 2262 esset
1940 2195 2068 2263 ista
2093 2196 2294 2288 galea
2324 2197 2464 2289 tegi

281 2320 485 2389 posse.
583 2298 733 2369 Sed
785 2299 1154 2390 permirum
1211 2310 1344 2385 est,
1423 2298 1627 2366 fuisse
1676 2307 1904 2365 nostro
1961 2321 2234 2389 quoque
2292 2322 2464 2368 aevo

281 2401 442 2471 viros
473 2402 771 2472 eruditos
787 2451 809 2488 ‚
862 2401 1102 2491 quibus
1144 2402 1268 2493 qui
1288 2402 1394 2470 m‘l
1430 2400 1730 2470 molitur
1775 2401 2016 2494 inepte
2041 2411 2183 2472 tam
2228 2394 2467 2471 absur-

283 2502 431 2572 dum
460 2506 625 2596 qaid
646 2505 988 2573 videretur
1013 2506 1390 2597 protulisse.
1440 2505 1915 2596 Descripserat
1941 2506 2284 2576 Homerus
2310 2528 2468 2575 cur—

281 2630 416 2676 rum
456 2610 764 2690 lunonis3
816 2617 1304 2678 memoraverat
1345 2608 1629 2703 insigma
1686 2609 1983 2702 aegidis:
2034 2632 2195 2680 mox
2232 2611 2467 2680 ambas

284 2710 430 2781 deas
462 2736 660 2782 curru
694 2712 782 2781 de
813 2713 1002 2781 caelo
1030 2714 1100 2781 in
1128 2711 1525 2805 Olympum,
1576 2712 1736 2781 inde
1763 2714 1830 2781 in
1868 2736 2190 2807 campum
2219 2715 2469 2784 Troia-

282 2837 461 2901 num,
512 2840 648 2907 qua
700 2815 943 2885 Simois
991 2826 1060 2883 et
1105 2815 1520 2885 Scamander
1558 2817 1938 2908 confluunt,
1990 2828 2217 2887 vectas
2237 2870 2256 2898 ,
2307 2818 2467 2887 hinc

282 2918 555 3037 pedibus
586 2919 679 2988 ad
700 2920 1063 2989 exercitum
1092 2918 1515 2989 Graecorum
1542 2942 1940 3012 progressas
1969 2919 2149 2991 dicit.
2198 2920 2294 2988 Et
2320 2920 2455 2989 hac
2469 2920 2521 2991 6

281 3021 343 3088 in
368 3024 771 3109 narratione,
820 3024 890 3091 in
920 3046 1057 3112 qua
1085 3022 1265 3093 alind
1290 3023 1453 3092 nihil
1483 3023 1810 3092 abnorme
1840 3025 2200 3111 invenitur,
2253 3025 2468 3093 solam

281 3123 383 3194 ille
408 3125 759 3196 Minervae
805 3127 1075 3221 galeam
1108 3149 1151 3194 a
1188 3127 1374 3195 tam
1356 3126 1627 3195 numani
1652 3135 1722 3194 et
1751 3137 2171 3197 monstruosa
2199 3128 2468 3220 magni-

282 3228 498 3298 tudine
527 3228 904 3298 laudaverit
918 3231 954 3299 ?
1002 3252 1138 3300 non
1181 3231 1608 3323 cogitaverit,
1660 3252 1908 3322 corpus
1938 3229 2133 3315 deae,
2185 3230 2241 3298 si
2267 3232 2470 3323 galea

283 3338 454 3401 tanta
491 3342 672 3403 esset
687 3382 709 3420 ‚
761 3343 1085 3424 quantum
1117 3356 1264 3403 esse
1295 3333 1603 3403 debuerit
1621 3333 1658 3401 ἓ
1709 3356 1843 3402 non
1872 3333 2148 3419 viderit,
2207 3342 2467 3402 tantum

283 3436 598 3522 abfuisse,
662 3445 739 3506 ut
780 3436 1156 3507 istiusmodi
1209 3436 1349 3507 duo
1378 3445 1705 3506 ·monstra
1755 3439 1986 3527 (certe
2026 3459 2163 3507 non
2197 3437 2469 3506 brevior

282 3536 471 3631 luno)
522 3541 749 3609 locum
786 3542 859 3609 in
901 3540 1195 3611 exercitu
1237 3541 1648 3625 invenirent,
1699 3549 1774 3609 ut
1804 3541 1915 3609 vel
1955 3541 2100 3608 solo
2149 3540 2348 3633 pedis
2379 3542 2472 3609 si-

282 3641 412 3708 mul
457 3642 761 3713 Graecos
810 3642 1276 3735 Troianosque
1310 3646 1660 3715 debuerint
1691 3653 2042 3736 proterere
2059 3644 2095 3712 ?
2149 3644 2347 3713 Absit
2399 3653 2474 3712 ut

281 3741 348 3811 id
375 3746 749 3821 credamus,
854 3749 1213 3818 Verissime
1240 3749 1335 3817 illi
1352 3797 1374 3831 ‚
1426 3749 1543 3839 qui
1581 3748 1819 3841 figuris
1862 3748 2143 3816 militnm
2169 3756 2473 3815 ornatam

286 3845 409 3914 dici
445 3850 719 3942 galeam
762 3861 1191 3921 censuerunt:
1244 3851 1490 3921 eodem
1529 3850 1741 3920 modo
1756 3902 1776 3936 ‚
1829 3873 1967 3941 quo
2002 3873 2173 3918 zona
2206 3851 2472 3920 Iunonis

282 3946 462 4019 mad.
495 3953 680 4022 XIV.
717 3952 888 4027 181.
931 3954 1194 4030 ἑκατόν
1227 3949 1578 4035 θυσάνοις
1623 3950 1943 4049 ἀραρυῖα
1993 3953 2252 4023 dicitur.
2358 3957 2472 4040 At,

283 4051 529 4143 inquiat
570 4057 753 4147 qui8‚
804 4059 914 4127 vel
944 4061 1039 4127 sic
1076 4066 1344 4127 centum
1375 4059 1639 4127 urbium
1668 4057 2005 4150 peditatus
2037 4057 2472 4126 immodicum

286 4166 383 4225 est
428 4167 497 4226 et
535 4159 930 4230 incredibile
976 4170 1438 4231 ornamentum
1483 4162 1740 4255 galeae.
1844 4162 2092 4229 Recte:
2145 4160 2266 4229 sed
2308 4160 2476 4251 qnid

206 4346 211 4351 ‚
286 4259 337 4326 si
361 4282 447 4329 ne
485 4260 662 4331 haec
698 4265 972 4355 quidem
1018 4267 1190 4333 insta
1232 4274 1334 4333 est
1365 4266 1633 4333 illorum
1657 4265 2027 4332 'verborum
2068 4265 2475 4355 iuterpreta-

286 4363 373 4429 tio
394 4363 428 4431 ?
475 4364 735 4435 Mirum
779 4379 999 4453 certe,
1052 4368 1242 4458 quod
1279 4369 1427 4438 illos
1464 4369 1771 4466 πρυλέας
1804 4389 2010 4456 quam
2052 4369 2182 4434 alio
2211 4366 2478 4435 nomine
