3259 5275
656 493 745 554 28
1257 531 1273 545 .,
1364 480 1484 542 DE
1527 480 2082 547 PARTIGVLA
2127 478 2221 547 ἂν

658 683 858 754 vara.
957 672 1102 746 Sed
1141 695 1277 743 non
1315 679 1417 744 est
1446 693 1566 740 cur
1597 672 2015 767 discipliceat
2043 675 2166 744 ista
2195 674 2480 763 locutio,
2534 679 2719 749 cuius
2764 678 2880 748 hic

660 804 887 854 sensus
918 789 1054 869 est,
1104 781 1260 860 τοῖς
1290 772 1521 859 οὕτως
1554 774 1648 871 ἄν
1680 775 1771 860 οἷς
1798 774 2005 853 εἷπον
2041 779 2228 861 νέοις
2254 773 2421 852 οὖσι
2447 783 2788 864 παιδίοις.
2831 855 2840 856 ff
2883 841 2898 848 ff

1665 980 1848 1057 vm.

1023 1135 1156 1207 De
1205 1133 1312 1209 ἄν
1364 1155 1555 1206 cum
1603 1134 2131 1210 indicativo
2163 1137 2512 1232 futuri.

865 1290 1220 1385 Pergimus
1257 1288 1349 1357 ad
1401 1288 1494 1361 ἄν
1534 1311 1692 1362 ,cum
1729 1291 1959 1362 futuro
1995 1294 2457 1379 coniunctum,
2525 1314 2665 1381 qua
2709 1313 2879 1359 con-
3005 1289 3010 1298 '

658 1394 1020 1465 structione
1034 1444 1057 1482 ‚
1107 1393 1410 1482 quamvis
1448 1393 1834 1486 improbata
1857 1398 2308 1488 grammaticis
2328 1447 2348 1483 ,
2402 1396 2576 1488 epici
2615 1403 2881 1464 veteres

656 1499 762 1567 usi
789 1493 1376 1588 suntsaepissime,
1428 1518 1639 1586 quum
1669 1497 1943 1587 quidem
1961 1498 2223 1591 ,aliquid
2254 1499 2506 1567 fortuiti
2535 1501 2754 1567 inesse
2782 1499 2883 1565 rei

655 1601 924 1669 futurae
965 1598 1393 1670 indicandum
1437 1609 1774 1691 putarunt.
1876 1602 2019 1672 Sed
2063 1626 2284 1693 neque
2312 1602 2564 1671 Latinis
2582 1651 2603 1685 ‚
2654 1623 2881 1691 neque

656 1703 1015 1772 Germanis
1042 1703 1371 1795 particula
1400 1710 1522 1787 est,
1550 1726 1728 1793 quae
1755 1705 1824 1773 in
1847 1704 1985 1775 hoc
2010 1728 2265 1798 genere
2292 1706 2549 1796 ubique
2570 1705 2880 1776 Graecae

653 1806 1025 1900 particulae
1051 1806 1190 1875 vim
1227 1805 1585 1897 exprimat..

860 1908 1307 1978 Nihilominus
1340 1909 1603 2000 percipi
1634 1908 1775 1979 eius
1816 1899 2114 2003 potestas
2158 1912 2411 2002 ubique
2438 1918 2682 2002 potest.
2788 1910 2883 1979 Vt

655 2035 699 2081 a
731 2011 1218 2081 difficilioribus
1246 2011 1595 2103 incipiam,
1649 2012 1835 2102 quod
1861 2011 2117 2107 Odyss.
2161 2044 2227 2109 y.
2267 2013 2389 2084 80.
2422 2015 2707 2107 legitur,

865 2166 1096 2264 εἴρεαι
1126 2157 1462 2239 ὁππόθεν
1494 2165 1727 2256 εἰμέν·
1768 2164 1905 2261 ἐγώ
1938 2167 2023 2242 δέ
2041 2168 2127 2243 κε’
2151 2193 2270 2241 τοι
2297 2169 2700 2256 καταλέξω,

652 2321 729 2390 id
756 2319 1165 2389 Germanice
1196 2316 1417 2385 dicas:
1468 2315 1586 2384 ich
1622 2317 1776 2386 will
1813 2319 1942 2388 dir
1970 2343 2048 2390 es
2077 2320 2272 2392 wohl
2299 2343 2561 2414 sagea.
2668 2319 2884 2405 Quod

654 2422 823 2514 quid
867 2424 950 2491 sit
987 2422 1042 2490 si
1084 2420 1456 2506 accuratius
1497 2441 1779 2510 quaeras
1793 2471 1815 2508 ‚
1866 2433 2187 2513 apparet,
2251 2445 2518 2492 sensum
2560 2446 2743 2512 esse,
2812 2424 2884 2493 εἰ

657 2524 787 2596 tibi
805 2525 1103 2619 placet,
1158 2521 1427 2596 dicam.
1532 2521 1648 2591 Sic
1675 2524 1877 2593 etiam
1903 2525 2095 2599 Iliad.
2128 2535 2183 2608 ξ.
2223 2525 2399 2596 267.

860 2672 1025 2750 ἀλλ’
1053 2672 1213 2765 ἴθ’,
1255 2671 1394 2770 ἐγώ
1426 2677 1513 2751 δέ
1533 2678 1617 2751 κέ
1643 2704 1763 2750 τοι
1792 2677 2145 2774 Χαρίτων
2185 2678 2367 2770 μίαν
2410 2672 2879 2778 ὁπλοτεράων

866 2773 1066 2853 δώσω
1104 2775 1532 2873 ὀπυιεμέναι
1562 2779 1686 2853 καὶ
1726 2774 1858 2879 σήν
1890 2782 2286 2880 κεκλῆσθαι
2314 2781 2622 2856 ἄκοιτιν.
2656 2837 2672 2869 ,

652 2935 813 3005 Non
831 2942 934 3004 est
970 2932 1147 3002 enim
1172 2930 1348 3002 haec
1375 2934 1586 3003 oratio
1612 2934 2001 3027 simpliciter
2027 2944 2095 3004 et
2126 2938 2266 3005 sine
2293 2937 2675 3006 conditione
2704 2959 2879 3028 pro-

651 3038 1001 3124 mittentia,
1054 3035 1177 3105 sed
1230 3037 1523 3126 aliquam
1556 3037 1926 3106 adiicientis
1966 3034 2444 3108 dubitationem
2460 3088 2480 3125 ‚
2534 3042 2587 3108 si
2622 3041 2881 3109 scilicet

498 3176 501 3177 ⁷
651 3142 846 3211 alteri
885 3140 1178 3233 placeat.
1285 3139 1682 3209 Cuiusmodi
1713 3142 1782 3212 in
1820 3142 1988 3210 locis
2017 3151 2326 3234 apertum
2369 3152 2508 3229 est,
2560 3166 2694 3211 non
2735 3165 2878 3234 po·-

650 3246 856 3314 tuisse
880 3243 964 3317 τὲ
991 3244 1181 3335 poni,
1233 3243 1422 3333 quod
1454 3253 1558 3313 est
1580 3244 2089 3334 quodammodo
2121 3246 2512 3314 affirmantis
2539 3244 2631 3334 id,
2686 3247 2879 3337 quod

650 3349 799 3417 fieri
825 3356 1340 3417 consentaneum
1370 3356 1493 3416 est.

651 3551 823 3623 mad
852 3450 1177 3625 epelrgigr
1223 3460 1325 3522 est
1378 3450 1480 3522 rei
1535 3448 1854 3519 fortuitae
1899 3449 2300 3544 significatio
2345 3451 2414 3521 in
2475 3449 2583 3521 his
2628 3452 2875 3542 verbis,

1268 3687 1315 3763 ὃ
1343 3688 1428 3763 δι’
1449 3716 1569 3763 κεν
1592 3684 2115 3780 κεχολώσεται,
2169 3685 2256 3762 ὄν
2286 3715 2407 3763 κεν
2443 3694 2727 3783 ἵκωμαι.

648 3826 806 3899 Alia
830 3826 1139 3919 exempla
1168 3824 1323 3895 vide
1355 3849 1524 3896 vers,
1550 3821 1723 3893 523.
1754 3830 1816 3899 δ.
1861 3822 2032 3897 176.
2061 3835 2115 3913 ζ.
2148 3824 2320 3894 260.
2358 3834 2435 3898 θ.
2464 3822 2640 3895 4⁰4.
2678 3826 2870 3898 ι.61.

650 3928 828 4001 386.
874 3931 992 3999 ubi
1030 3940 1257 3998 tamen
1302 3928 1708 4021 quibusdam
1760 3931 2093 4021 optativus
2137 3929 2425 4020 placuit,
2473 3952 2763 4020 eumque
2801 3931 2874 3998 in

648 4042 997 4128 postrema
1025 4033 1314 4102 editione
1349 4034 1577 4126 posuit
1611 4033 1917 4101 Wolfius.
1972 4041 2028 4114 ξ.
2071 4030 2241 4100 239.
2272 4058 2334 4105 ο.
2373 4030 2547 4106 211.
2580 4061 2646 4124 ρ.
2691 4029 2870 4101 515.

651 4164 716 4228 χ.
747 4133 869 4204 42.
925 4133 1061 4205 od.
1100 4140 1161 4211 δ.
1205 4135 1330 4205 80.
1369 4131 1544 4203 753.
1580 4161 1656 4207 π.
1701 4133 1874 4204 297.
1913 4158 1978 4230 ρ.
2025 4129 2199 4204 540.
2252 4162 2319 4213 τ’.
2370 4130 2545 4208 558.
2585 4137 2657 4204 h.
2691 4136 2869 4208 Ven.

650 4237 822 4311 14⁰.
923 4239 1018 4308 Et
1044 4238 1170 4319 ἄν,
1223 4239 1411 4307 Iliad.
1442 4265 1508 4329 χ.
1537 4235 1663 4311 66.

856 4371 1090 4450 αύτόν
1122 4373 1198 4449 δ’
1231 4378 1324 4448 ἄν
1358 4368 1705 4466 πύματόν
1729 4400 1827 4468 με
1864 4369 2063 4457 κύνες
2089 4368 2416 4473 πρώτῃσι
2445 4370 2763 4477 θύρῃσιν

704 4539 708 4542 «
854 4476 1185 4577 ὠμησταὶ
1213 4472 1564 4581 ἐρύουσιν.
