3259 5275
738 476 872 540 m
1464 468 2217 539 EMENDATIONES

745 663 1166 735 mirationem
1211 661 1507 754 excipias
1526 711 1550 752 ,
1617 662 1879 755 primus
1924 662 2161 730 utilem
2208 661 2271 731 ei
2318 683 2602 754 operam
2643 663 2976 756 praestitit

747 770 850 838 vir
879 767 1186 836 doctrina
1207 785 1425 855 aeque
1453 773 1658 856 atque
1682 789 1809 836 usu
1840 765 2186 835 doctrinae
2215 765 2512 854 eximius,
2562 767 2757 837 Imm.
2791 766 2976 835 Bek-

747 873 950 941 kerus
968 917 992 954 ‚
1043 867 1574 937 emendatiorem
1613 880 1761 938 tum
1809 892 1893 939 ex
1931 870 2143 939 multo
2186 869 2468 937 meliore
2504 869 2743 940 codice
2759 920 2781 957 ‚
2833 880 2978 939 tum

751 973 1255 1066 comparatione
1294 973 1522 1041 Nonni
1559 995 1604 1040 a
1634 974 1983 1042 Wernikio
2029 974 2212 1042 facta
2253 972 2593 1042 exhibens.
2697 974 2981 1063 Aliquot

748 1077 1164 1148 versionibus
1214 1084 1284 1145 et
1329 1077 1807 1146 commentario
1852 1079 2249 1146 instructum
2282 1077 2517 1169 paullo
2561 1087 2723 1169 post
2765 1076 2982 1145 edidit

749 1181 1120 1252 Stanislans
1149 1180 1461 1268 lulianus,
1513 1179 1780 1249 duobus
1806 1180 2008 1250 codd.
2036 1180 2368 1267 Parisinis‚
2416 1203 2702 1270 quornm
2735 1180 2982 1249 lectio-

748 1310 869 1354 nes
898 1286 1035 1353 iam
1057 1284 1444 1376 Lennepius
1480 1282 1718 1352 habuit
1740 1335 1761 1373 ,
1810 1307 1949 1353 non
1977 1284 2192 1353 solum
2221 1284 2465 1352 iterum
2511 1285 2768 1353 collatis
2782 1335 2804 1371 ‚
2857 1283 2984 1353 sed

749 1389 1027 1481 integris
1059 1387 1206 1480 ipsa
1231 1410 1388 1455 cum
1418 1386 1642 1456 forma
1675 1388 2042 1456 litterarum
2071 1387 2390 1481 repetitis.
2476 1388 2694 1456 Huius
2731 1386 2983 1456 editio-

750 1492 851 1561 nis
894 1493 1011 1583 qui
1037 1491 1316 1560 brevem
1345 1513 1700 1560 censuram
1725 1492 1796 1559 in
1836 1492 2101 1562 Notitiis
2142 1491 2262 1559 litt.
2297 1490 2485 1559 Gott.
2521 1514 2580 1560 a.
2613 1487 2842 1564 1825.
2888 1512 2981 1559 m.

750 1596 944 1687 Sept.
975 1594 1052 1663 P.
1079 1591 1254 1662 155.
1290 1594 1554 1687 scripsit
1580 1596 1666 1665 V.
1685 1596 1773 1664 D.
1793 1595 2058 1681 mirum,
2110 1594 2298 1685 quod
2332 1595 2578 1664 collato
2606 1595 2782 1664 libro
2808 1592 2983 1662 Mn-

749 1699 989 1767 tinensi
1016 1720 1272 1790 paucos
1312 1707 1571 1766 tantum
1602 1706 1860 1767 restare
1903 1709 2258 1790 corruptos
2289 1699 2477 1767 locos
2510 1699 2623 1766 ait.
2724 1699 2983 1766 Novis-

751 1804 918 1871 sime
947 1802 1349 1893 impressum
1379 1810 1480 1869 est
1512 1825 1786 1870 carmen
1811 1801 1980 1870 illud
2011 1826 2050 1871 e
2075 1803 2465 1872 recensione
2492 1801 2796 1871 Bekkeri
2824 1823 2984 1869 cum

699 1904 1258 1996 oTr-yphiodoro
1286 1905 1582 1996 Lipsiae,
1631 1904 1903 1975 adiectis
1935 1907 2297 1998 scripturis,
2343 1929 2508 1996 quas
2542 1905 2760 1975 codex
2790 1907 2984 1973 Nea-

747 2010 1084 2103 politanus
1099 2060 1120 2095 ,
1191 2008 1432 2077 nullius
1474 2010 1587 2079 ille
1640 2010 1876 2102 pretii,
1954 2008 2443 2103 suppeditarat.
2545 2007 2984 2078 Emendandi

747 2113 1127 2206 pericnlum
1165 2111 1326 2181 fecit
1354 2111 1467 2181 Pr.
1502 2113 1817 2183 Graefius
1835 2162 1856 2200 ,
1907 2114 2010 2182 vir
2047 2114 2210 2182 mihi
2249 2113 2720 2197 amicissimus,
2771 2131 2982 2203 quem

747 2225 1034 2310 propter
1064 2216 1375 2285 eximium
1414 2218 1614 2285 animi
1646 2216 2012 2286 candorem
2042 2241 2180 2286 non
2207 2219 2423 2286 minus
2460 2240 2664 2308 quam
2688 2225 2981 2309 propter

749 2320 1135 2389 excellentis
1163 2321 1418 2412 ingenii
1446 2321 1722 2390 virtutes
1757 2320 1964 2414 diligo
2008 2322 2374 2414 magnique
2403 2321 2601 2389 facio.
2704 2319 2772 2387 Is
2808 2342 2980 2411 quas

748 2424 1098 2516 Petropoli
1130 2422 1342 2491 edidit
1375 2420 1902 2493 Observationes
1935 2425 2193 2494 criticas
2222 2425 2293 2492 in
2324 2424 2694 2494 Coluthum
2721 2432 2793 2491 et
2809 2421 2981 2491 Mu-

751 2549 983 2596 saeum
1001 2576 1022 2613 ,
1073 2526 1392 2619 repetitas
1425 2526 1515 2595 ad
1553 2529 1810 2597 calcem
1854 2527 2186 2621 Lennepii
2231 2527 2536 2597 editionis
2585 2526 2981 2620 Lipsiensis,

749 2631 821 2699 in
856 2630 933 2699 iis
977 2631 1245 2723 gavisus
1283 2647 1431 2699 sum
1477 2655 1690 2722 quum
1733 2655 1889 2701 eum
1932 2632 2269 2724 quaedam
2328 2631 2768 2725 proposuisse
2817 2630 2980 2716 vidi,

749 2735 820 2801 in
853 2756 1028 2824 quae
1061 2756 1199 2825 ego
1235 2756 1511 2826 quoque
1539 2736 1943 2806 incideram:
1994 2738 2063 2806 in
2096 2737 2238 2805 aliis
2279 2759 2416 2804 non
2443 2736 2681 2828 paucis
2710 2733 2983 2803 diversa

747 2836 917 2905 mihi
963 2838 1287 2906 sententia
1336 2848 1459 2909 est.
1561 2839 1890 2908 Adsuevit
1938 2840 2150 2927 enim,
2203 2839 2671 2908 statuar-iorum
2707 2838 2982 2906 illorum
3111 2846 3156 2871 ‘'

747 2962 939 3009 more
959 2989 980 3025 ‚
1036 2941 1152 3031 qui
1194 2941 1376 3009 laesa
1423 2949 1493 3009 et
1538 2952 1845 3011 truncata
1878 2944 2193 3034 antiquae
2238 2944 2394 3011 artis
2425 2943 2837 3010 monimenta
2871 2944 2981 3010 in-

748 3052 1020 3135 teg-rare
1055 3053 1123 3112 et
1163 3053 1540 3114 restaurare
1573 3034 1902 3115 conantur
1918 3094 1939 3133 ,
1989 3069 2127 3116 non
2172 3055 2314 3114 tam
2356 3047 2422 3114 in
2465 3068 2550 3115 eo
2603 3045 2980 3132 elaborare,

748 3155 825 3215 nt
845 3170 1011 3237 quas
1038 3147 1371 3216 habemus
1409 3157 1711 3218 veterum
1749 3151 2061 3241 reliquias
2086 3175 2126 3219 a
2154 3149 2412 3218 mendis
2444 3148 2683 3240 quibus
2715 3149 2980 3216 obsitae

749 3260 901 3318 sunt
942 3261 1195 3344 purget
1210 3302 1231 3339 ,
1283 3274 1488 3341 quam
1531 3263 1609 3320 ut
1649 3275 1864 3345 opera
1901 3253 2084 3346 ipsa,
2136 3254 2360 3344 qualia
2403 3252 2549 3343 quis
2602 3252 2828 3320 animo
2867 3252 2978 3319 in-

747 3353 1045 3423 formare
1073 3355 1288 3447 possit
1304 3406 1324 3443 ,
1376 3358 1717 3448 perpolita
1749 3356 2098 3426 exhibeat:
2151 3380 2328 3447 quae
2354 3356 2518 3424 mihi
2554 3355 2833 3446 quidem
2860 3355 2977 3422 in-

748 3459 1010 3550 geniosi
1055 3460 1279 3551 potius
1322 3460 1588 3528 artificis
1650 3458 1985 3551 quaedam
2029 3461 2323 3530 sollertia
2338 3511 2360 3548 ,
2423 3482 2629 3550 quam
2671 3458 2976 3527 officium

644 3548 659 3563 ⁶
750 3584 900 3629 esse
947 3561 1208 3630 videtur
1257 3562 1489 3634 critici.
1593 3563 1833 3654 ltaque
1866 3565 1934 3632 in
1974 3563 2116 3652 his,
2168 3588 2345 3655 quae
2373 3565 2522 3657 ipse
2563 3562 2654 3631 de
2693 3560 2974 3631 Coluthi

751 3664 1048 3731 carmine
1080 3664 1375 3733 dicturus
1420 3688 1601 3753 sum,
1652 3669 2181 3760 praetermittam
2226 3669 2559 3762 pleraque
2595 3665 2856 3752 omnia,
2905 3664 2974 3733 in

749 3767 991 3858 quibus
1024 3790 1065 3834 a
1100 3767 1378 3837 Graefio
1413 3792 1569 3838 meo
1598 3769 1934 3840 dissentio.

954 3871 1198 3947 Nomi,
1251 3873 1616 3963 Nonnique
1645 3874 2072 3959 imitatorum,
2121 3873 2188 3941 in
2212 3873 2451 3963 quibus
2480 3868 2810 3941 Coluthus
2835 3877 2970 3959 est,

745 3974 997 4066 partim
1040 3974 1251 4043 facilis
1298 3976 1679 4046 emendatio
1723 3988 1861 4065 est,
1912 3978 2160 4070 partim
2207 3976 2538 4045 difficilis:
2604 3975 2819 4044 facilis
2865 3993 2970 4056 eo,

747 4076 938 4167 quod
970 4086 1156 4146 certo
1184 4079 1252 4146 in
1280 4079 1448 4148 orbe
1487 4090 1557 4148 et
1584 4082 2059 4150 sententiarum
2094 4090 2163 4149 et
2199 4081 2565 4149 verborum
2601 4087 2672 4147 et
2702 4075 2970 4146 dicendi

747 4179 1110 4250 modorum
1170 4182 1359 4270 quasi
1412 4184 1991 4278 circumaguntur3
2070 4184 2356 4253 difficilis
2411 4191 2698 4277 propter
2753 4201 2966 4273 genus

748 4283 1018 4352 dicendi
1059 4284 1361 4352 inflatum
1412 4295 1480 4354 et
1534 4288 2012 4357 abundantiam
2064 4287 2390 4356 inutilium
2439 4287 2837 4373 verborum,
2898 4283 2962 4350 in

748 4410 883 4478 qua
911 4387 970 4456 si
1005 4386 1171 4479 quid
1202 4397 1598 4482 corruptum
1633 4399 1768 4479 est,
1812 4392 1957 4460 fere
1985 4414 2159 4481 quae
2186 4391 2529 4484 potuerint
2567 4388 2767 4458 scribi
2806 4408 2959 4479 per-

747 4493 959 4562 multa
1000 4500 1362 4561 occurrunt
1404 4493 1673 4585 critico,
1725 4497 1891 4566 latet
1934 4505 2158 4566 autem
2179 4546 2200 4584 ,
2264 4494 2413 4590 pari
2457 4495 2604 4563 iure
2649 4492 2955 4573 omnium,
