3259 5275
638 420 642 425 ’
755 471 887 536 ιω
1011 464 1121 527 ns
1162 458 1831 528 mscmr‘nonmvs
1860 454 2319 534 Qvlsvsnau
2359 456 2715 523 GRAECRS.

758 662 869 735 vel
896 658 1134 730 saltem
1162 655 1309 725 veri
1334 651 1739 724 simillimum
1765 650 1870 722 sit.
1973 649 2176 720 Hanc
2202 649 2513 743 regulam
2538 651 2594 720 si
2626 652 2718 720 ad
2749 652 2969 724 hocce

760 766 1184 860 epigramma
1233 759 1658 852 applicamus
1676 804 1698 843 ‚
1766 755 1994 849 primo
2049 754 2670 840 animadvertimus,
2736 753 2890 832 ἀλλ’
2929 756 2973 832 ὃ

758 869 899 966 μὲν
932 866 1021 936 ad
1061 863 1316 954 aliquid
1346 861 1738 953 oppositum
1769 858 2042 948 referri,
2092 868 2297 948 atque
2337 858 2596 927 idcirco
2640 860 2710 928 in
2747 861 2974 930 verbis

763 994 940 1063 quae
975 978 1297 1060 corrupta
1334 973 1489 1035 sunt
1531 963 1622 1032 de
1663 962 1891 1053 aliquo
1929 985 2308 1031 sermonem
2348 985 2533 1050 esse,
2557 965 2703 1054 .qui
2738 986 2978 1057 oppo-

762 1084 957 1145 natur
998 1068 1535 1166 sponso.1am
1591 1066 1759 1137 nihil
1810 1074 1952 1135 tam
2006 1075 2524 1136 consentaneum
2568 1077 2702 1157 est,
2769 1091 2980 1160 quam

764 1198 1017 1272 sponso
1048 1173 1310 1269 opponi
1339 1193 1679 1264 sponsam.
1782 1169 2004 1261 quue
2048 1192 2134 1239 eo
2173 1170 2255 1238 fit
2279 1160 2696 1262 probabilius
2711 1222 2733 1259 ‚
2788 1172 2982 1264 quod

763 1303 941 1373 quae
981 1280 1241 1373 primae
1280 1277 1348 1345 in
1390 1275 1619 1368 lapide
1654 1283 2028 1370 sequuntur
2078 1273 2417 1367 syllabae,
2477 1275 2979 1364 TOYAEIY,

761 1387 875 1454 vix
915 1383 1007 1452 ad
1051 1383 1247 1451 aliam
1301 1380 1557 1450 ducunt
1606 1379 2098 1467 coniecturam,
2155 1400 2362 1468 quam
2419 1376 2513 1447 ad
2561 1380 2701 1452 τοῦ
2744 1381 2826 1454 δὲ
2868 1373 2978 1454 σύ

763 1488 983 1580 quue
1024 1485 1365 1579 aptissime
1399 1506 1553 1552 cam
1581 1481 1995 1575 praegressis
2019 1481 2325 1551 versibus
2353 1482 2676 1568 concinit,
2713 1482 2789 1552 in
2821 1486 2982 1575 qui-

763 1593 892 1662 bus
946 1589 1336 1660 defunctam
1390 1609 1520 1681 per
1564 1584 1685 1659 τοὶ
1742 1594 1811 1654 et
1845 1578 2189 1681 navdmpe
2234 1586 2630 1679 compellari
2668 1586 2979 1658 vidimus.

768 1699 1011 1818 Atque·
1032 1702 1343 1787 apertum
1387 1699 1523 1780 est,
1586 1689 1658 1757 in
1702 1688 2121 1781 opponendo
2165 1710 2304 1756 non
2342 1688 2744 1760 necessario
2771 1718 2864 1765 συ
2904 1693 2982 1767 δὲ

763 1797 1050 1890 requiri,
1105 1795 1278 1884 sed,
1338 1816 1472 1887 pro
1535 1792 1921 1861 conditione
1972 1791 2318 1861 notionum
2376 1815 2553 1884 quae
2622 1793 2984 1865 adiunctae

764 1911 951 1988 sunt,
1005 1899 1084 1974 δὲ
1122 1908 1191 1968 et
1238 1906 1468 1991 potest
1511 1906 1582 1967 et
1621 1894 1986 1987 aliquando
2031 1893 2239 1965 debet
2283 1906 2456 2018 post·
2488 1897 2687 1966 aliam
2732 1921 2985 1970 vocem

763 2005 961 2099 poni,
1012 2026 1218 2094 quam
1272 2010 1434 2095 post
1477 2023 1631 2070 eam
1688 2023 1896 2091 quam
1949 1999 2355 2122 oppositum·
2376 1999 2460 2069 iri
2482 2011 2980 2094 exspectamus.

761 2107 975 2199 Atqui
1037 2115 1312 2200 praeter
1374 2103 1544 2174 illud
1609 2102 1751 2178 τοῦ
1807 2103 1978 2178 odo
1932 2127 2022 2177 συ
2066 2102 2232 2172 nihil
2289 2104 2415 2173 uisi
2457 2105 2875 2181 MHAEN
2916 2116 2984 2178 et

763 2211 1051 2288 ΑΙΔΑ
1073 2233 1212 2280 non
1249 2207 1696 2303 ambiguum
1675 2230 1747 2276 ιιι
1784 2205 2014 2299 lapide
2043 2206 2364 2277 cernitur.
2415 2229 2594 2299 quae
2627 2210 2843 2280 verba
2892 2211 2982 2282 de

766 2337 1029 2385 summa
1066 2315 1166 2384 rei
1208 2313 1376 2382 nihil
1424 2311 1588 2381 certi
1627 2310 1950 2405 produnt.
2055 2308 2385 2380 caeterae
2422 2312 2685 2384 litterae
2718 2322 2983 2386 tantum

764 2420 961 2488 abest
996 2425 1071 2486 nt
1106 2417 1428 2486 indicium
1467 2415 1715 2484 faciant
1760 2409 2125 2483 sententiae
2138 2463 2160 2501 ‚
2232 2422 2310 2483 ut
2357 2437 2508 2485 eam
2549 2417 2825 2490 aliunde
2863 2443 2983 2489 su·

765 2544 957 2592 mere
1008 2530 1326 2613 oporteat
1343 2573 1365 2611 ‚
1428 2541 1568 2611 quo
1614 2517 1916 2587 invenire
1965 2517 2207 2608 quibus
2261 2520 2486 2591 verbis
2536 2545 2862 2616 expressa
2901 2525 2986 2594 sit

762 2624 1124 2720 possimus.
1228 2625 1428 2695 Nunc
1470 2623 1967 2697 usitatissimum
2000 2620 2339 2691 veteribus
2383 2632 2522 2712 est,
2574 2627 2629 2696 si
2671 2628 2824 2719 quis
2857 2628 2981 2697 211.

766 2728 934 2820 quid
968 2728 1220 2821 amisit,
1287 2726 1865 2819 quemadmodum
1908 2725 2022 2794 hic
2062 2748 2349 2817 sponsus
2379 2752 2698 2822 sponsam
2713 2783 2735 2821 ‚
2794 2756 2986 2802 mor-

766 2842 885 2902 tua
912 2839 1138 2901 autem
1168 2830 1358 2922 quod
1386 2830 1710 2924 sperabat
1740 2829 2180 2919 connubium,
2231 2829 2305 2898 id
2344 2832 2595 2903 diserto
2633 2844 2984 2928 tamquam

763 2936 1193 3027 miseratione
1223 2935 1508 3028 dignum
1537 2933 2069 3004 commemorari.
2170 2932 2289 3002 Sic
2330 2934 2675 3009 Homerus
2716 2940 2790 3009 in
2827 2942 2982 3012 loco

762 3039 1124 3135 persimili,
1176 3037 1430 3134 odyss.
1460 3038 1581 3110 xl.
1626 3036 1805 3111 821.
1858 3036 1947 3107 de
1974 3035 2304 3108 Ariadna.
3053 3040 3066 3049 '

1931 3188 2022 3290 ἦν
2073 3218 2256 3265 ποτε
2312 3184 2588 3317 Θησειῗς

868 3299 945 3370 ἐκ
994 3288 1295 3392 Κρήτης
1345 3296 1416 3377 ἐς
1462 3291 1729 3384 γοῦνον
1776 3278 2171 3419 Α’θηνοέων
2224 3289 2490 3392 ἱεράων

871 3393 1000 3497 ἦγε
1059 3398 1240 3492 μέν,
1323 3391 1487 3471 ουδ’
1538 3390 1908 3495 ἀπόνητο·
1994 3422 2227 3492 παρος
2293 3398 2381 3473 δέ
2432 3425 2571 3493 μιν
2623 3397 2986 3499 Ἄρτεμις

871 3601 1021 3702 Δίῃ
1073 3607 1152 3678 ἐν
1204 3595 1626 3700 ἀμφιρύτῃ,
1686 3592 2063 3678 Διονύσου
2095 3503 2623 3704 ῗέἴτυριησιν.

767 3755 1037 3826 Eadem
1077 3755 1404 3845 formula,
1468 3749 1644 3830 οῦδ
1688 3748 2061 3855 ἀπόνητο,
2129 3757 2460 3826 invenitur
2501 3755 2754 3850 odyss.
2801 3757 2981 3827 XVI.

770 3857 944 3928 12⁰.
1009 3859 1232 3934 xvll.
1263 3856 1439 3928 293.
1541 3859 1861 3952 Apollon.
1910 3860 1964 3928 Ι,
1993 3858 2117 3933 88.
2208 3861 2353 3929 Iam
2390 3862 2461 3930 in
2494 3863 2982 3955 epigrammate

767 3963 887 4031 illo
944 3963 1056 4032 vel
1123 3962 1216 4032 de
1266 3984 1518 4055 sponso
1565 3962 1679 4031 vel
1733 3961 1824 4031 de
1875 3987 2128 4056 sponsa
2169 3965 2279 4033 vel
2327 3964 2417 4034 de
2462 3965 2798 4035 ambobus
2854 3964 3010 4032 dici·

766 4066 1024 4159 potuit,
1050 4075 1385 4189 ereptam
1421 4088 1571 4137 esse
1611 4075 1832 4135 morte
1872 4089 2164 4159 sponsae
2204 4078 2576 4161 speratam
2567 4068 2975 4138 felicitatem.

769 4167 984 4256 Quod
1018 4169 1073 4239 si
1119 4172 1304 4261 quis,
1346 4170 1666 4260 quoniam
1698 4190 1859 4238 casu
1895 4194 2085 4293 quae·
2113 4173 2254 4265 legi
2293 4182 2580 4265 possunt
2603 4173 2867 4242 litterae
2912 4192 2982 4238 se

767 4272 1161 4343 commodas
1204 4261 1609 4367 praebeant,
1677 4272 2004 4365 quodque
2067 4276 2139 4344 in
2206 4277 2343 4346 fine
2409 4287 2513 4345 est
2574 4280 2663 4349 X
2705 4276 2984 4344 lacunae

766 4376 1037 4471 signum
1069 4400 1217 4449 esse
1244 4376 1587 4512 videatur,
1641 4376 1861 4447 statim
1891 4379 2201 4449 coniiciat
2232 4381 2562 4474 scriptum
2588 4379 2828 4467 fuisse,
