3259 5275
720 452 854 517 248
1226 444 2070 509 HERMESIANACTIS
2128 442 2438 506 ELEGI.

776 636 882 708 60
1034 687 1578 707 ........
1634 630 1816 715 Ζευς
1846 635 2108 732 ἔπορεν
2138 638 2528 729 Σοφοκλεῖ

936 738 1118 838 φημὶ
1152 739 1229 814 δὲ
1262 737 1593 815 κάκεῖνον
1623 735 1759 814 τόν
1791 734 1907 811 tiu
1940 740 2493 835 πεφυλαγμένον
2524 734 2753 829 ἄνδρα

1038 842 1155 915 καὶ
1185 870 1479 916 παντων
1513 850 1724 936 μῖσος
1755 834 2124 930 κτώμενον
2162 846 2235 915 ἐκ
2281 839 2603 928 συνοχῶν

938 938 1172 1026 πάσας
1201 941 1396 1041 α’μφι
1424 952 1809 1041 γυναῖκας,
1864 939 2008 1018 ὑπο
2043 949 2359 1017 σκολιοῖο
2390 944 2711 1015 τυπέντα

1038 1043 1296 1132 τόξου,
1353 1075 1770 1166 νυκτερινας
1790 1074 1917 1121 ουκ
1946 1041 2324 1120 ἄποθέσθ
2353 1039 2634 1124 ὀδύνας.

784 1150 887 1222 65
942 1146 1131 1227 οἱλλοῖ
1169 1152 1640 1250 Μακηδονίης
1667 1141 1901 1232 πάσας
1935 1147 2413 1223 κατενίσσατο
2448 1142 2722 1245 λαυρας

1041 1252 1362 1347 Αἱγείων
1395 1257 1722 1345 μέθεπεν
1752 1251 1823 1325 δ’
1850 1250 2208 1349 Ἀρχελέω
2242 1249 2557 1347 ταμίην,

942 1353 1164 1439 ειςόκε
1220 1414 1236 1429 .
1295 1355 1653 1451 μδαιμων
1682 1352 2041 1455 Ευριπίδῃ
2078 1380 2289 1452 ευρετ
2300 1349 2700 1449 ’ὄλεθρον,

1063 1692 1336 1778 Βάκχον,
1380 1694 1611 1760 καὶτὸν
1643 1690 1818 1777 ἔρωτ’
1852 1690 2122 1779 ἀνέγειρε
2147 1693 2484 1777 Θεωρίδος,
2529 1739 2542 1754 .
2591 1736 2606 1752 .

1152 1825 1481 1845 ......
1531 1778 1687 1858 Ζευς
1717 1782 1930 1861 ἔπορεν
1959 1786 2284 1860 Σοφοκλεῖ

727 1912 972 1970 Lacuna
1015 1908 1166 1988 quid
1209 1910 1613 1988 continuerit,
1657 1910 1837 1992 plane
1875 1909 2205 1969 incertum·
2261 1905 2371 1968 sed
2413 1915 2649 1982 tamen,
2711 1906 2960 1989 opinor,

731 2006 854 2073 aut,
897 1994 1234 2056 cuiusmodi
1266 1996 1414 2075 quid
1451 1997 1791 2098 suspicatus
1820 2003 1909 2055 est
1929 1994 2210 2074 Ilgenius‚
2254 2005 2387 2051 arte
2409 1991 2489 2050 ab
2512 1988 2656 2051 Iove
2682 2005 2961 2073 accepta,

732 2091 804 2142 ut
839 2074 1179 2166 τεχνοσόφῳ
1213 2084 1440 2182 φρενί.
1480 2077 1633 2163 τήν,
1679 2091 1787 2142 aut
1832 2080 1909 2140 de
1953 2088 2295 2155 senectute,
2336 2087 2408 2138 ut
2449 2075 2554 2139 καὶ
2581 2082 2811 2166 γεραιῷ
2844 2104 2960 2162 γαρ

731 2166 761 2231 ἔ
764 2172 914 2251 ρᾶν,
962 2167 1300 2241 utrumvis,
1344 2168 1393 2227 si
1424 2171 1487 2227 in
1518 2167 1636 2227 fine
1657 2165 1993 2227 hexametri
2023 2159 2211 2229 οἶσθα
2240 2163 2376 2225 suit.

900 2258 1003 2320 62.
1051 2252 1272 2326 Quod
1255 2273 1317 2311 m
1346 2253 1516 2312 libris
1556 2264 1669 2327 est,
1713 2251 1819 2315 καὶ
1850 2247 2096 2314 πάντων
2124 2256 2300 2331 μῖσος
2339 2242 2649 2328 κτώμενον
2677 2247 2747 2312 ἐκ
2779 2268 2962 2313 συνο·

729 2340 886 2417 χῶν,
930 2357 1040 2417 ego
1069 2338 1316 2417 quidem
1347 2338 1437 2399 sic
1468 2338 1889 2417 corrigendum
1924 2345 2108 2420 puto:
2151 2334 2257 2398 καὶ
2298 2335 2574 2397 σπανίων
2604 2340 2782 2415 μῖσος
2806 2330 2960 2398 κτώ-

732 2444 918 2528 μενον
953 2423 1017 2485 ἐκ
1064 2418 1358 2487 συνόδων.
1447 2422 1927 2504 Moschopulus
1909 2443 1973 2482 m
2011 2421 2144 2481 Vita
2160 2420 2522 2529 Euripidis:
2585 2416 2964 2524 σκυθρωπος

733 2501 802 2571 δὲ
837 2502 904 2570 τὸ
928 2499 1170 2608 ᾖθος*
1124 2532 1206 2588 ην
1243 2508 1345 2571 καὶ
1379 2502 1635 2591 αμειδής
1676 2507 1783 2572 καὶ
1822 2502 2070 2592 φεύγων
2102 2501 2212 2581 τοὶς
2252 2507 2611 2580 συνουσίας·
2658 2500 2821 2569 οθεν
2857 2505 2963 2569 καὶ

734 2587 1066 2676 μισογύνης
1094 2591 1419 2674 ἐδοξάσθη.

905 2684 1004 2744 66.
1055 2678 1369 2741 Librorum
1408 2682 1750 2763 scriptura,
1811 2678 2112 2761 Αίγείων,
2167 2678 2219 2737 si
2262 2685 2516 2736 accentu
2563 2686 2798 2737 mutato
2849 2676 2962 2740 Al-

733 2766 918 2847 γειοῖν
948 2774 1310 2844 reponatur,
1354 2765 1759 2845 iungaturque
1784 2786 1851 2825 ea
1879 2784 2002 2825 vox
2036 2783 2174 2823 cum
2203 2761 2703 2844 praecedentibus
2728 2763 2961 2835 verbis,

732 2868 848 2930 per
878 2868 941 2908 se
968 2846 1121 2908 nihil
1147 2849 1360 2922 habet,
1405 2851 1571 2931 quod
1610 2850 1945 2931 improbari
1974 2849 2204 2930 possit,
2257 2846 2554 2928 siquidem
2591 2847 2735 2909 urbs
2763 2848 2963 2929 Aegea

735 2933 1106 2994 Macedonici
1138 2935 1308 3014 regui
1351 2936 1521 2996 sedes
1551 2936 1686 2995 fuit.
1771 2935 1907 2995 Non
1937 2935 2144 3015 inepte
2168 2943 2369 2993 tamen
2398 2933 2626 3009 critici,
2669 2936 2965 3012 quoniam

737 3029 1114 3081 caeterorum
1152 3022 1375 3082 amicas
1406 3021 1778 3082 eruditorum
1806 3019 2117 3083 hominum
2148 3038 2353 3079 omnes
2381 3018 2732 3079 nominatim
2772 3031 2965 3101 poeta

734 3115 1044 3181 memorat,
1088 3105 1192 3166 hic
1220 3127 1461 3187 quoque
1486 3107 1758 3168 mulieris
1789 3127 2039 3179 nomen,
2084 3125 2265 3184 quam
2297 3102 2615 3184 Euripides
2643 3109 2964 3184 amaverit,

733 3191 925 3252 latere
964 3201 1103 3251 sunt
1135 3193 1443 3274 suspicati.
1529 3192 1650 3253 Sed
1680 3192 1743 3251 id
1786 3193 1962 3271 quale
1996 3191 2212 3268 suerit,
2254 3190 2387 3269 quis
2426 3198 2591 3248 certo
2624 3189 2843 3252 dicat?
2889 3192 2964 3252 In

733 3275 877 3336 Vita
914 3275 1303 3383 Moschopuli
1347 3277 1497 3338 haec
1540 3288 1771 3338 tantum
1806 3280 1991 3338 relata
2033 3284 2210 3336 sunt.
2272 3274 2462 3356 ἕτεροι
2506 3271 2573 3338 δὲ
2607 3270 2962 3357 ίστορησαν,

736 3385 876 3463 ουχ
889 3359 1017 3426 ὕπο
1066 3368 1303 3440 κυνῶν,
1366 3358 1506 3427 ἄλλ’
1544 3360 1670 3427 ὖπδ
1717 3367 2025 3469 γυναικῶν
2068 3354 2258 3424 αυτδν
2293 3361 2786 3467 διασπασθῆναι,
2849 3387 2963 3427 πο-

736 3440 1068 3553 ρευόμενον
1101 3442 1257 3530 nimpi
1287 3473 1439 3530 προς
1482 3447 1812 3557 Κράτερον
1821 3472 1929 3512 τον
1968 3444 2273 3529 ἔρωμενον
2295 3439 2647 3526 Ἀρχελαου.
2690 3446 2799 3510 καὶ
2839 3445 2961 3531 γοῖρ

741 3537 903 3611 σχεῖν
937 3556 1125 3595 αυτον
1162 3533 1266 3597 καὶ
1297 3535 1436 3615 περὶ
1467 3558 1611 3608 τους
1641 3557 1958 3609 τοιουτους
1988 3532 2226 3610 ἔρωτας.
2274 3533 2336 3593 οἳ
2363 3529 2463 3607 δέ,
2504 3552 2658 3612 προς
2694 3530 2815 3613 τήν
2843 3558 2962 3616 γα-

738 3639 926 3696 μετην
957 3620 1289 3681 Νικοδίκου
1316 3624 1428 3682 τοῦ
1448 3612 1865 3697 Ἀρεθουσίου.
1953 3618 2174 3678 Eadem
2199 3615 2362 3698 apud
2388 3615 2634 3676 Suidam
2655 3628 2956 3698 prostant,

682 3779 687 3785 ³
738 3701 845 3761 ubi
879 3701 982 3760 hic
1015 3703 1336 3764 Nicodicus
1367 3705 1729 3765 Nicodemus
1758 3714 2028 3765 vocatur.

913 3793 1014 3853 67.
1064 3789 1225 3854 MSS.
1278 3785 1470 3863 εἰςόκε
1502 3791 1756 3895 δαίμων.
1823 3790 1979 3850 Edd.
2009 3788 2170 3849 inter
2199 3787 2312 3847 has
2338 3806 2523 3847 voces
2550 3810 2644 3849 τοι
2678 3786 2958 3849 inserunt

739 3870 924 3945 Quod
949 3893 1194 3934 servans
1237 3876 1542 3936 Porsonus
1574 3870 1887 3957 Εὐριπίδη
1915 3875 2199 3935 vocativo
2246 3892 2434 3932 causu
2469 3872 2653 3931 scribi
2687 3873 2954 3937 volebat.

738 3957 929 4036 quue
958 3960 1198 4019 omnino
1230 3971 1291 4020 et
1318 3961 1646 4039 etegentius
1691 3970 1818 4037 est,
1863 3981 2042 4036 quam
2073 3959 2127 4019 si
2170 3960 2307 4038 quis
2343 3958 2526 4017 scribi
2562 3957 2745 4019 vellet
2769 3955 2956 4033 εἰςόκε

737 4066 832 4117 τις
859 4044 1094 4122 δαίμων
1132 4036 1479 4151 Ευριπίδῃ,
1522 4057 1617 4118 et,
1664 4047 1778 4105 nisi
1813 4046 2023 4121 salior,
2070 4044 2245 4105 etiam
2275 4046 2499 4103 rectius
2531 4054 2786 4124 propter
2813 4064 2955 4105 ver-

738 4129 884 4187 bum
918 4128 1179 4189 medium
1210 4153 1448 4210 ευρετο,
1495 4131 1661 4240 quod
1689 4133 1981 4213 praebent
2008 4130 2185 4191 codd.
2218 4129 2366 4190 Ven.
2389 4139 2450 4190 et
2472 4130 2646 4192 Laur.
2674 4149 2792 4210 pro
2822 4131 2951 4191 Pal.

742 4223 802 4273 et
839 4213 1171 4274 editionum
1211 4216 1514 4296 scriptura
1551 4209 1748 4295 εὗρεν.
1841 4219 2153 4277 Caeterum
2184 4215 2500 4275 severioris
2529 4218 2953 4293 grammaticae

742 4298 898 4358 ratio
933 4293 1120 4373 είςότε
1145 4303 1378 4381 potius,
1420 4324 1597 4381 quam
1630 4296 1816 4376 εἰςοκε
1852 4301 2133 4382 requirit.
2220 4300 2542 4361 Permultis
2568 4310 2772 4361 tamen
2801 4302 2952 4362 locis

740 4383 898 4464 apud
925 4384 1283 4447 recentiores
1315 4398 1521 4467 poetas
1553 4386 1738 4461 sigone
1769 4409 1904 4448 cum
1932 4387 2272 4448 indicativis
2316 4385 2780 4467 praeteritorum
2809 4408 2950 4448 con-

739 4478 1035 4532 structum
1062 4471 1397 4549 invenitur,
1443 4484 1513 4534 ut
1552 4474 1687 4536 iure
1721 4474 1988 4535 dubitari
2029 4475 2257 4555 possit,
2300 4471 2641 4534 librariisne
2669 4471 2951 4553 imputari
