3259 5275
2255 341 2284 376 l

732 494 818 558 2⁰
1406 480 1525 543 ns
1566 475 2126 542 ΡΔΒΤιονιΑ
2171 471 2264 542 ἂν

745 675 1289 763 constructiones,
1339 696 1425 742 eo
1454 673 1554 741 uti
1579 677 2006 764 arg-umento,
2059 667 2250 759 quod
2282 667 2676 737 Herodotus
2704 667 2758 736 1.
2787 663 2961 737 196.

744 785 864 853 ubi
891 781 1157 873 saepius
1188 801 1344 848 cum
1370 777 1735 870 praeterito
1753 775 1846 846 ἄν
1869 775 1940 841 ἰιι
1964 795 2041 841 re
2066 772 2249 840 facta
2276 773 2644 852 coniunxit,
2696 794 2969 840 omnem

748 888 933 955 illam
964 885 1414 952 narrationem
1457 902 1599 949 non
1631 888 1707 947 ut
1751 885 2018 945 caetera
2032 926 2052 962 ,
2104 898 2279 966 quae
2311 874 2402 943 de
2433 874 2971 966 Babyloniorum

750 989 1055 1057 institutis
1110 986 1356 1071 refert,
1431 982 1773 1076 praesenti
1831 989 2143 1072 tempore
2201 979 2599 1069 complexus
2648 978 2765 1063 sit,
2846 977 2971 1046 sed

750 1094 944 1182 quasi
979 1090 1068 1158 de
1102 1087 1424 1157 industria
1458 1083 1911 1154 transtulerit
1894 1106 1963 1150 m
1994 1082 2462 1174 praeteritum,
2516 1083 2614 1151 sic
2658 1102 2970 1149 exorsus.

749 1187 973 1288 νόμοι
1020 1191 1099 1264 δὲ
1148 1188 1441 1265 αὐτοῖσι
1489 1186 1628 1262 ὦδε
1670 1186 2187 1260 κατεστέαται·
2268 1183 2313 1258 ὁ
2360 1185 2500 1277 μὲν
2544 1177 2974 1277 σοφώτατος

754 1296 907 1386 ὅδε,
959 1289 1149 1368 κατά
1183 1315 1474 1388 γνωμην
1500 1285 1639 1388 τήν
1673 1287 2051 1385 ἡμετέρην,
2094 1287 2203 1382 τῷ
2221 1288 2342 1360 καὶ
2370 1283 2741 1409 ’Inventor
2766 1281 2976 1359 'Era-

752 1427 922 1480 τους
931 1389 1439 1526 „nvvstavopat
1486 1393 1863 1489 χρῆσθαι·
1910 1383 2102 1464 navo?
2144 1384 2386 1482 κώμας
2427 1382 2732 1468 ἑκάστας
2778 1386 2974 1471 ἅπαξ
3065 1461 3073 1474 ,

752 1501 891 1575 τοῦ
918 1502 1112 1579 ἔτεος
1142 1491 1451 1572 ἑκάστου
1469 1498 1818 1571 ἐποιέετο
1853 1486 2055 1570 τάδε.
2141 1493 2287 1564 Sed
2327 1493 2417 1562 de
2447 1493 2554 1563 his
2603 1513 2782 1561 nunc
2814 1492 2973 1583 qui-

753 1605 911 1674 dem
944 1603 1120 1673 satis.

1775 1788 1927 1859 vll.

761 1942 891 2013 De
937 1940 1041 2017 ἄν
1086 1952 1173 2012 et
1219 1942 1370 2017 κέν
1425 1963 1617 2012 cum
1656 1939 2179 2011 indicativo
2214 1936 2977 2034 praeteritorum

1565 2061 1654 2131 ἱη
1706 2085 1806 2132 re
1835 2060 2153 2156 facta.

965 2215 1181 2308 Igitur
1207 2236 1417 2305 quum
1463 2215 1719 2307 duplex
1766 2217 1850 2284 sit
1893 2238 2050 2285 usus
2085 2212 2567 2306 particularum
2614 2211 2708 2285 ἄν
2744 2220 2816 2282 et
2855 2211 2977 2285 κέν

761 2342 916 2390 cum
960 2319 1319 2387 indicativo
1364 2328 1895 2387 constructarum
1913 2368 1933 2404 ,
2005 2318 2177 2385 alter
2219 2318 2291 2385 in
2331 2340 2406 2385 re
2449 2317 2632 2385 facta
2690 2325 2979 2409 propter

758 2398 1105 2543 impletam
1140 2421 1623 2507 conditionem,
1675 2422 1887 2489 alter
1869 2443 1941 2488 ιιι
1983 2443 2060 2488 re
2096 2441 2234 2488 non
2277 2418 2458 2488 facta
2489 2430 2774 2512 propter
2806 2441 2978 2487 con-

760 2519 1081 2594 ditionem
1111 2546 1243 2592 non
1271 2524 1652 2615 impletam:
1702 2525 1837 2592 iam
1869 2522 1957 2592 de
1984 2532 2277 2613 utroque
2307 2524 2808 2616 explicabimus,
2856 2522 2978 2591 ini-

761 2629 854 2698 tio
885 2627 1067 2697 facto
1095 2651 1138 2694 a
1168 2626 1418 2719 priore.

967 2729 1174 2814 Quod
1205 2753 1246 2795 a
1274 2728 1680 2820 quibusdam
1710 2730 2028 2799 traditum
2056 2737 2194 2814 est,
2243 2729 2606 2821 particulas
2640 2756 2733 2804 αν
2759 2736 2829 2797 et
2857 2727 2980 2802 κέν

763 2855 918 2901 cum
938 2832 1313 2925 praeteritis
1344 2833 1414 2901 in
1446 2857 1521 2901 re
1551 2834 1734 2903 facta
1765 2843 2178 2902 constructas
2211 2833 2304 2900 ita
2329 2833 2657 2924 usurpari,
2708 2843 2783 2899 ut
2812 2830 2980 2921 quid

674 2982 689 2990 -
759 2957 894 3005 non
941 2936 1184 3021 semel,
1235 2935 1356 3004 sed
1403 2937 1646 3007 iterum
1692 2938 2068 3025 iterumque
2103 2936 2359 3004 factum
2402 2935 2729 3019 indicent,
2779 2936 2848 3002 in
2891 2955 2978 3002 eo

762 3048 867 3107 est
898 3061 1056 3107 sane
1102 3038 1353 3128 aliquid
1391 3041 1552 3129 veri,
1604 3039 1732 3109 sed
1773 3042 1984 3108 multo
2025 3049 2252 3108 tamen
2284 3037 2478 3106 latius
2507 3047 2700 3129 patet
2733 3037 2981 3106 harum

762 3164 922 3210 usus
971 3142 1470 3234 particularum.
1577 3144 1809 3228 Quum
1852 3143 2031 3211 euim
2083 3166 2212 3233 per
2253 3161 2367 3209 eas
2411 3142 2813 3233 particulas,
2894 3148 2972 3207 ut

762 3266 968 3337 supra
995 3244 1407 3315 ostendimus
1434 3246 1728 3316 conditio
1756 3247 1979 3336 aliqua
2009 3245 2457 3336 significetur,
2509 3266 2714 3335 quam
2752 3243 2982 3334 ipsum

762 3347 1017 3415 factum
1042 3348 1389 3441 impletam
1407 3373 1553 3419 esse
1575 3360 1936 3419 monstret:
1982 3369 2398 3437 consequens
2433 3357 2555 3435 est,
2591 3344 2981 3414 huiusmodi

761 3450 1190 3538 locutionem,
1233 3452 1469 3545 ἔλεγεν
1503 3451 1618 3539 ἄν,
1672 3454 1923 3542 ubique
1956 3452 2050 3519 ita
2081 3450 2362 3543 exprimi
2381 3471 2608 3542 posse,
2660 3447 2977 3536 dicebat,

732 3551 830 3620 ,si
860 3551 1176 3624 dicebat.
1240 3555 1416 3621 Nam
1441 3557 1654 3625 verbo
1688 3557 1928 3646 ἔλεγεν,
1949 3554 2359 3622 affirmamus
2389 3552 2633 3621 dixisse
2661 3553 2977 3643 aliquem,

758 3655 1129 3746 particulae
1160 3665 1384 3724 autem
1427 3657 1799 3728 adiectione
1822 3656 2190 3726 indicamus
2204 3703 2224 3741 ,
2277 3655 2448 3724 illud
2476 3655 2701 3724 dicere
2733 3678 2818 3724 ex
2849 3656 2978 3723 ali-

760 3779 897 3847 qua
927 3780 1004 3826 re
1039 3758 1311 3826 fortuita
1348 3761 1780 3852 pependisse,
1831 3769 2181 3850 totumque
2209 3761 2466 3829 factum
2493 3759 2696 3828 fuisse
2735 3758 2979 3826 fortui-

760 3869 925 3933 tum.
979 3860 1106 3929 llla
1132 3860 1402 3931 fortuita
1436 3873 1662 3932 autem
1691 3865 1874 3933 varia
1902 3873 2053 3934 sunt
2068 3911 2091 3950 ‚
2141 3872 2240 3950 ut,
2292 3861 2624 3949 dicebat,
2676 3860 2744 3931 si
2771 3861 2976 3930 dice—

758 3960 894 4034 bat
923 3962 1086 4046 hic,-
1136 3964 1204 4035 si
1227 3964 1368 4036 hoc
1398 3993 1426 4050 ,·
1473 3967 1541 4041 si
1571 3967 1781 4054 hade,-
1830 3968 1897 4038 si
1921 3967 2064 4038 hoc
2094 3975 2459 4061 tempore3
2506 3964 2574 4036 si
2600 3963 2740 4035 hoc
2771 3962 2979 4047 loco,-

761 4065 829 4135 εἰ
851 4065 990 4136 hoc
1015 4069 1254 4138 modo.

776 4262 780 4265 Α
961 4169 1068 4237 Ac
1110 4172 1681 4261 frequentissimus
1728 4183 1831 4244 est
1872 4172 2068 4243 huius
2119 4171 2469 4242 locutionis
2518 4192 2711 4257 usus,
2764 4191 2978 4258 quum

761 4268 850 4338 de
879 4271 1186 4361 pluribus
1216 4275 1406 4344 factis
1437 4278 1715 4368 aliquod
1741 4279 1834 4346 ita
1862 4285 2458 4360 commemoratur,
2512 4284 2587 4343 ut
2623 4271 2979 4364 quodlibet

753 4374 966 4463 possit
1007 4375 1303 4470 intelligi.
1405 4378 1483 4447 In
1538 4404 1675 4472 quo
1722 4378 1912 4471 quod
1961 4380 2311 4449 fortuitum
2356 4388 2492 4464 est,
2557 4379 2704 4446 fere
2749 4377 2859 4445 vel
2905 4377 2975 4444 in

757 4485 1083 4569 tempore,
1136 4481 1243 4556 vel
1270 4481 1336 4550 in
1361 4504 1679 4574 persona,
1731 4485 1842 4555 vel
1856 4483 1927 4552 in
1953 4506 2031 4554 re
2058 4482 2378 4576 quapiam
2402 4479 2775 4553 accessoria
2809 4501 2972 4549 ver-
