3259 5275
901 476 1004 539 DE
1044 476 1411 540 MENSVRA
1450 474 1899 552 VTRIVSQVE
1933 473 2032 540 ἄν.
2447 479 2578 545 8Ί5

355 677 534 755 tare,
599 659 697 740 ἶν’
737 675 963 736 autem
1033 667 1477 736 confidentius
1526 667 1908 760 positurum
1959 666 2165 735 fuisse
2184 715 2206 755 ‚
2281 667 2338 737 si
2386 678 2575 738 recte

352 781 787 866 perspectam
836 772 1179 841 habuisset
1227 773 1363 839 loci
1412 771 1586 839 illius
1620 771 1984 856 rationem,
2035 771 2341 842 arbitror.
2427 771 2574 840 Sed

350 876 425 943 id
476 876 637 945 alibi
692 875 1070 968 explicabo.
1188 875 1268 944 In
1319 875 1495 968 epici
1545 897 1710 944 vero
1759 883 2009 969 poetae
2073 896 2292 962 versu,
2364 874 2570 965 (Ho-

348 979 520 1048 meri
571 987 799 1047 autem
850 979 1037 1072 est,)
1091 975 1238 1069 quis
1289 1000 1430 1046 non
1482 978 1742 1065 statim,
1817 978 1934 1068 qui
1986 978 2281 1070 aliquem
2332 979 2569 1070 epico-

349 1105 587 1154 corum
654 1083 974 1153 sermonis
1041 1104 1240 1152 usum
1308 1081 1597 1171 habeat,
1666 1082 1762 1151 sic
1840 1081 2068 1151 videat
2139 1081 2570 1152 scribendum

347 1208 534 1257 esset

1289 1318 1407 1398 ὅτ’
1443 1317 1780 1417 ἀμείνονι
1831 1319 2019 1421 φωτὶ
2067 1312 2412 1413 μα’χοιτο.

254 1469 265 1476 ’
344 1478 578 1568 Atque
642 1475 717 1545 id
773 1476 1083 1546 distincte
1149 1472 1475 1570 scriptum
1536 1487 1802 1570 prostat
1862 1478 1932 1546 in
1994 1475 2110 1545 illo
2174 1497 2375 1543 versu
2429 1498 2567 1543 non

345 1582 567 1650 solum
608 1580 798 1673 apud
847 1579 1281 1649 Aristotelem
1321 1580 1530 1653 Rhet.
1585 1580 1672 1650 11.
1720 1580 1791 1651 9.
1839 1588 1909 1649 et
1957 1580 2027 1648 in
2067 1578 2241 1646 libro
2295 1579 2384 1656 de
2427 1580 2566 1647 vita
2681 1575 2684 1578 ’

341 1679 670 1769 Homeri,
723 1684 840 1775 qui
876 1683 1245 1752 Plutarcho
1294 1684 1752 1773 tribuebatur,
1802 1708 1877 1777 p.
1912 1681 2084 1751 211.
2139 1680 2250 1755 ed.
2297 1681 2563 1754 Emest.

344 1787 471 1856 sed
522 1787 722 1855 etiam
772 1787 843 1854 in
894 1786 1010 1854 illo
1059 1788 1213 1879 ipso
1264 1786 1613 1855 Plutarchi
1664 1788 1872 1876 libro,
1923 1786 2104 1856 unde
2158 1807 2315 1854 eum
2363 1785 2567 1854 affert

344 1889 788 1978 SchaeferuS,
869 1890 1125 1981 aliquot
1188 1891 1455 1983 paginis
1517 1898 1708 1983 post,
1778 1915 1850 1984 p.
1908 1888 2031 1961 36.
2087 1889 2175 1962 A.
2248 1888 2389 1958 sive
2450 1888 2559 1958 ed.

340 1994 690 2085 Wyttenb.
738 2017 811 2085 p.
844 1992 1017 2064 133.
1119 1993 1298 2062 Hinc
1351 2017 1505 2062 cum
1555 2004 1878 2086 recepto,
1931 1995 2030 2062 uti
2081 1992 2402 2079 decebat,
2455 1986 2563 2065 ὅτ’

338 2098 618 2167 inseruit
665 2097 953 2165 Wolfius
1003 2095 1196 2170 Iliad.
1248 2096 1368 2171 XI.
1409 2094 1583 2165 543.
1705 2097 2034 2166 Videntur
2083 2094 2260 2163 haec
2303 2095 2563 2187 fugisse

340 2200 791 2271 Schaeferum
858 2200 1061 2268 etiam
1123 2223 1334 2290 quum
1399 2201 1488 2270 ad
1552 2201 1791 2293 poesin
1859 2200 2247 2293 gnomicam
2314 2221 2385 2290 p.
2436 2196 2561 2268 91.

338 2327 619 2373 manens
676 2304 745 2373 in
813 2326 936 2371 sua
986 2304 1309 2372 sententia
1325 2354 1346 2391 ,
1404 2326 1652 2394 meque
1668 2353 1689 2391 ,
1753 2304 2032 2395 opinor,
2094 2302 2324 2370 dicens
2391 2302 2561 2370 scri-

337 2409 514 2500 psitt
560 2415 732 2476 sunt
785 2406 907 2500 qui
944 2406 1396 2500 praefracte
1443 2415 1718 2501 negent
1729 2434 1757 2490 ,-
1824 2429 1966 2500 quo
2016 2407 2209 2490 iure,
2259 2404 2402 2497 ipsi
2450 2404 2564 2473 vi-

340 2511 634 2581 derint.-
666 2519 681 2532 ‘
706 2518 774 2579 et
824 2533 1021 2581 mox:
1087 2533 1281 2581 nunc
1350 2512 1561 2581 addo
1627 2533 1723 2580 ex
1775 2510 2075 2581 Anthol.
2129 2508 2388 2579 Palat.
2443 2507 2558 2577 II.

323 2638 411 2711 p.
452 2613 627 2685 343.
680 2638 751 2683 n.
807 2611 934 2688 Ἡ.
998 2639 1063 2686 υ.
1109 2613 1182 2688 9.
1256 2611 1415 2698 ὄξος
1458 2614 1549 2690 ἄν
1603 2607 1897 2713 αἰτήσω.
2022 2614 2118 2687 At
2182 2611 2321 2681 hoc
2372 2609 2563 2702 quod

337 2718 532 2788 addit
584 2720 1010 2810 exemplum,
1063 2719 1254 2809 quod
1302 2720 1507 2789 Lollii
1555 2719 1755 2787 Bassi
1806 2729 1940 2808 est,
1981 2717 2253 2811 pridem
2306 2738 2440 2809 ego
2492 2716 2564 2783 in

338 2822 803 2892 dissertatione
875 2822 967 2890 de
1030 2825 1415 2915 praeceptis
1488 2822 1894 2913 quibusdam
1954 2821 2416 2891 Atticistarum
2486 2842 2562 2911 p.

338 2925 463 2995 17.
537 2923 849 3018 (Opusc.
901 2924 1037 2998 vol.
1089 2926 1142 2994 Ι.
1209 2950 1282 3019 p.
1325 2924 1525 3015 286)
1593 2935 1671 2994 ut
1721 2935 2147 3017 corruptum,
2210 2945 2346 2989 una
2397 2944 2556 2990 cum

336 3031 471 3098 alio
523 3028 882 3114 Palladae‚
937 3030 1154 3122 epigr.
1210 3027 1398 3119 137,
1450 3028 1524 3097 4.
1574 3030 1645 3096 in
1695 3028 2023 3096 Brunckii
2073 3025 2272 3098 Anal.
2342 3024 2431 3096 T.
2467 3024 2556 3097 11.

336 3158 409 3227 p.
460 3131 633 3201 436.
697 3132 1237 3225 repudiaveram.
1350 3133 1429 3201 In
1479 3131 1802 3200 Palladae
1867 3130 2147 3222 quidem
2210 3128 2557 3222 epigram-

336 3245 522 3305 mate
569 3236 955 3305 Brunckius
1008 3258 1091 3305 ex
1141 3235 1449 3305 Planude
1503 3234 1824 3303 dederat:

543 3387 724 3490 μηδ’
752 3390 844 3464 ἂν
891 3382 1351 3489 Ἰσοκροῖτεος
1396 3381 1964 3488 ῥητορικώτερος
2004 3382 2068 3484 ᾖ.

338 3546 486 3618 Sed
529 3546 750 3623 codex
793 3544 1157 3615 Vaticanus
1211 3541 1600 3612 emendate:

701 3697 719 3719 θ
769 3697 800 3721 ae
858 3695 878 3718 8
933 3699 962 3722 Ά

336 3859 578 3949 ltaque
621 3856 713 3925 ad
765 3855 985 3925 solum
1043 3853 1566 3939 redactisumus
1623 3849 1918 3918 Lollium
1969 3846 2294 3935 Bassum,
2366 3846 2556 3914 cuius

335 3963 406 4030 in
470 3960 959 4054 epigrammate
982 4006 1003 4044 ,
1078 3956 1269 4048 quod
1334 3955 1526 4049 apud
1594 3951 2017 4038 Brunckium
2066 3972 2347 4019 numero
2411 3958 2554 4031 ter,-

336 4065 506 4134 tium
576 4073 678 4132 est
753 4060 841 4131 T.
894 4061 980 4135 11.
1066 4085 1139 4153 p.
1182 4057 1337 4128 160
1400 4082 1542 4148 seq.
1610 4058 1935 4150 scriptum
1993 4053 2163 4123 illud
2224 4055 2294 4122 in
2355 4074 2556 4121 anum

337 4168 614 4237 surdam
632 4217 650 4246 ‚
722 4188 899 4256 quae
976 4163 1309 4255 quidquid
1377 4161 1767 4232 mandatum
1840 4167 2016 4229 esset
2080 4165 2556 4250 exsequeretur

334 4269 837 4367 perversissime
852 4321 873 4353 ,
924 4268 1097 4340 haec
1146 4271 1491 4364 leguntur:
