<?xml version="1.0" encoding="UTF-8"?>
<!DOCTYPE html PUBLIC "-//W3C//DTD XHTML 1.0 Transitional//EN"
    "http://www.w3.org/TR/xhtml1/DTD/xhtml1-transitional.dtd">
<html xmlns="http://www.w3.org/1999/xhtml" xml:lang="en" lang="en">
 <head>
  <title>
</title>
<meta http-equiv="Content-Type" content="text/html;charset=utf-8" />
  <meta name='ocr-system' content='tesseract 3.04.00' />
  <meta name='ocr-capabilities' content='ocr_page ocr_carea ocr_par ocr_line ocrx_word'/>
</head>
<body>
  <div class='ocr_page' id='page_1' title='image "./godofrediherman03fritgoog_0154.png"; bbox 0 0 3259 5275; ppageno 0'>
   <div class='ocr_carea' id='block_1_1' title="bbox 689 466 2295 560">
    <p class='ocr_par' dir='ltr' id='par_1_1' title="bbox 689 466 2295 560">
     <span class='ocr_line' id='line_1_1' title="bbox 689 466 2295 560; baseline 0.001 -4"><span class='ocrx_word' id='word_1_1' title='bbox 689 466 865 556; x_wconf 65' lang='lat' dir='ltr'><strong>‘uo</strong></span> <span class='ocrx_word' id='word_1_2' title='bbox 1406 487 1526 551; x_wconf 73' lang='lat' dir='ltr'><strong>nr</strong></span> <span class='ocrx_word' id='word_1_3' title='bbox 1593 488 2137 555; x_wconf 73' lang='lat' dir='ltr'><strong>PAnnchA</strong></span> <span class='ocrx_word' id='word_1_4' title='bbox 2197 487 2295 560; x_wconf 64' lang='grc' dir='ltr'><strong>ἂν</strong></span> 
     </span>
    </p>
   </div>
   <div class='ocr_carea' id='block_1_2' title="bbox 739 664 2960 983">
    <p class='ocr_par' dir='ltr' id='par_1_2' title="bbox 739 664 2960 983">
     <span class='ocr_line' id='line_1_2' title="bbox 742 664 2959 784; baseline 0.003 -30"><span class='ocrx_word' id='word_1_5' title='bbox 742 664 861 754; x_wconf 81' lang='grc' dir='ltr'><strong>σιν</strong></span> <span class='ocrx_word' id='word_1_6' title='bbox 890 680 998 778; x_wconf 86' lang='grc' dir='ltr'><strong>εἴη</strong></span> <span class='ocrx_word' id='word_1_7' title='bbox 1040 683 1279 753; x_wconf 87' lang='grc' dir='ltr'><strong><em>ποιεῖν</em></strong></span> <span class='ocrx_word' id='word_1_8' title='bbox 1325 678 1377 752; x_wconf 84' lang='grc' dir='ltr'><strong><em>ἁ</em></strong></span> <span class='ocrx_word' id='word_1_9' title='bbox 1422 683 1943 777; x_wconf 68' lang='grc' dir='ltr'><strong><em>προκαλεῖται..</em></strong></span> <span class='ocrx_word' id='word_1_10' title='bbox 1996 680 2173 757; x_wconf 76' lang='grc' dir='ltr'><strong><em>ἄνευ</em></strong></span> <span class='ocrx_word' id='word_1_11' title='bbox 2202 679 2664 784; x_wconf 78' lang='grc' dir='ltr'><strong><em>Ἀθηναίων·</em></strong></span> <span class='ocrx_word' id='word_1_12' title='bbox 2718 688 2959 769; x_wconf 76' lang='grc' dir='ltr'><strong><em>παῖδες</em></strong></span> 
     </span>
     <span class='ocr_line' id='line_1_3' title="bbox 741 779 2960 882; baseline 0.001 -28"><span class='ocrx_word' id='word_1_13' title='bbox 741 779 882 879; x_wconf 71' lang='grc' dir='ltr'><strong>γοῖρ</strong></span> <span class='ocrx_word' id='word_1_14' title='bbox 942 808 1145 876; x_wconf 85' lang='grc' dir='ltr'><strong><em>σφων</em></strong></span> <span class='ocrx_word' id='word_1_15' title='bbox 1186 782 1304 855; x_wconf 81' lang='grc' dir='ltr'><strong><em>καὶ</em></strong></span> <span class='ocrx_word' id='word_1_16' title='bbox 1347 789 1675 877; x_wconf 73' lang='grc' dir='ltr'><strong><em>γυναῖκες</em></strong></span> <span class='ocrx_word' id='word_1_17' title='bbox 1721 782 1903 881; x_wconf 86' lang='grc' dir='ltr'><strong><em>παρ’</em></strong></span> <span class='ocrx_word' id='word_1_18' title='bbox 1945 781 2194 867; x_wconf 76' lang='grc' dir='ltr'><strong><em>αὐτοῖς</em></strong></span> <span class='ocrx_word' id='word_1_19' title='bbox 2237 789 2501 882; x_wconf 83' lang='grc' dir='ltr'><strong><em>εἴησαν.</em></strong></span> <span class='ocrx_word' id='word_1_20' title='bbox 2572 789 2960 881; x_wconf 82' lang='lat' dir='ltr'><strong>Xenophon</strong></span> 
     </span>
     <span class='ocr_line' id='line_1_4' title="bbox 739 883 2959 983; baseline 0.004 -29"><span class='ocrx_word' id='word_1_21' title='bbox 739 887 920 960; x_wconf 88' lang='lat' dir='ltr'><strong>Hist.</strong></span> <span class='ocrx_word' id='word_1_22' title='bbox 958 886 1080 954; x_wconf 81' lang='lat' dir='ltr'><strong>Gr.</strong></span> <span class='ocrx_word' id='word_1_23' title='bbox 1118 885 1234 954; x_wconf 82' lang='lat'><strong>111.</strong></span> <span class='ocrx_word' id='word_1_24' title='bbox 1276 884 1345 974; x_wconf 86' lang='grc'><strong>2,</strong></span> <span class='ocrx_word' id='word_1_25' title='bbox 1393 884 1515 959; x_wconf 96' lang='grc'><strong>23.</strong></span> <span class='ocrx_word' id='word_1_26' title='bbox 1557 883 2157 983; x_wconf 74' lang='grc' dir='ltr'><strong><em>ἀποκριναμένων</em></strong></span> <span class='ocrx_word' id='word_1_27' title='bbox 2198 889 2275 965; x_wconf 74' lang='grc' dir='ltr'><strong>δὲ</strong></span> <span class='ocrx_word' id='word_1_28' title='bbox 2309 918 2459 964; x_wconf 85' lang='grc' dir='ltr'><strong>των</strong></span> <span class='ocrx_word' id='word_1_29' title='bbox 2504 886 2892 966; x_wconf 76' lang='grc' dir='ltr'><strong><em>Ἠλείων”</em></strong></span> <span class='ocrx_word' id='word_1_30' title='bbox 2848 921 2959 966; x_wconf 92' lang='grc' dir='ltr'><strong>οτι</strong></span> 
     </span>
    </p>
   </div>
   <div class='ocr_carea' id='block_1_3' title="bbox 738 981 2957 1188">
    <p class='ocr_par' dir='ltr' id='par_1_3' title="bbox 738 981 2956 1188">
     <span class='ocr_line' id='line_1_5' title="bbox 742 981 2956 1089; baseline 0.002 -26"><span class='ocrx_word' id='word_1_31' title='bbox 742 985 831 1063; x_wconf 79' lang='grc' dir='ltr'><strong>οὐ</strong></span> <span class='ocrx_word' id='word_1_32' title='bbox 875 981 1259 1085; x_wconf 83' lang='grc' dir='ltr'><strong><em>ποιήσαιεν</em></strong></span> <span class='ocrx_word' id='word_1_33' title='bbox 1300 990 1576 1063; x_wconf 81' lang='grc' dir='ltr'><strong><em>ταῦτα</em></strong></span> <span class='ocrx_word' id='word_1_34' title='bbox 1645 994 2013 1088; x_wconf 70' lang='grc' dir='ltr'><strong><em>ἐπιληίδας</em></strong></span> <span class='ocrx_word' id='word_1_35' title='bbox 2063 987 2201 1089; x_wconf 77' lang='grc' dir='ltr'><strong>γοῖρ</strong></span> <span class='ocrx_word' id='word_1_36' title='bbox 2248 994 2484 1085; x_wconf 80' lang='grc' dir='ltr'><strong><em>ἔχοιεν</em></strong></span> <span class='ocrx_word' id='word_1_37' title='bbox 2525 1021 2657 1076; x_wconf 79' lang='grc' dir='ltr'><strong><em>τας</em></strong></span> <span class='ocrx_word' id='word_1_38' title='bbox 2699 989 2956 1076; x_wconf 85' lang='grc' dir='ltr'><strong><em>πόλεις.</em></strong></span> 
     </span>
     <span class='ocr_line' id='line_1_6' title="bbox 738 1089 2957 1188; baseline 0.002 -27"><span class='ocrx_word' id='word_1_39' title='bbox 738 1091 919 1162; x_wconf 83' lang='lat' dir='ltr'><strong>Vide</strong></span> <span class='ocrx_word' id='word_1_40' title='bbox 957 1091 1447 1183; x_wconf 87' lang='lat' dir='ltr'><strong>Antiphontem</strong></span> <span class='ocrx_word' id='word_1_41' title='bbox 1478 1116 1553 1184; x_wconf 96' lang='grc' dir='ltr'><strong>Ρ.</strong></span> <span class='ocrx_word' id='word_1_42' title='bbox 1586 1089 1760 1162; x_wconf 66' lang='lat'><strong>777.</strong></span> <span class='ocrx_word' id='word_1_43' title='bbox 1808 1105 1876 1164; x_wconf 87' lang='lat' dir='ltr'><strong>et</strong></span> <span class='ocrx_word' id='word_1_44' title='bbox 1907 1095 2262 1166; x_wconf 87' lang='lat' dir='ltr'><strong>Demosth.</strong></span> <span class='ocrx_word' id='word_1_45' title='bbox 2305 1119 2375 1188; x_wconf 90' lang='grc' dir='ltr'><strong>Ρ.</strong></span> <span class='ocrx_word' id='word_1_46' title='bbox 2418 1092 2539 1183; x_wconf 90' lang='grc'><strong>15,</strong></span> <span class='ocrx_word' id='word_1_47' title='bbox 2570 1096 2690 1167; x_wconf 88' lang='grc'><strong>22.</strong></span> <span class='ocrx_word' id='word_1_48' title='bbox 2737 1096 2957 1184; x_wconf 86' lang='grc'><strong>1220,</strong></span> 
     </span>
    </p>
   </div>
   <div class='ocr_carea' id='block_1_4' title="bbox 734 1194 2958 1395">
    <p class='ocr_par' dir='ltr' id='par_1_4' title="bbox 734 1194 2958 1395">
     <span class='ocr_line' id='line_1_7' title="bbox 740 1194 2958 1289; baseline 0.003 -26"><span class='ocrx_word' id='word_1_49' title='bbox 740 1194 863 1270; x_wconf 92' lang='grc'><strong>11.</strong></span> <span class='ocrx_word' id='word_1_50' title='bbox 909 1218 1096 1286; x_wconf 82' lang='lat' dir='ltr'><strong>seqq.</strong></span> <span class='ocrx_word' id='word_1_51' title='bbox 1150 1195 1347 1264; x_wconf 88' lang='lat' dir='ltr'><strong>Plato</strong></span> <span class='ocrx_word' id='word_1_52' title='bbox 1394 1196 1637 1289; x_wconf 76' lang='lat' dir='ltr'><strong>Symp.</strong></span> <span class='ocrx_word' id='word_1_53' title='bbox 1671 1218 1747 1289; x_wconf 89' lang='lat' dir='ltr'><strong>p.</strong></span> <span class='ocrx_word' id='word_1_54' title='bbox 1794 1197 1968 1273; x_wconf 90' lang='grc'><strong>201.</strong></span> <span class='ocrx_word' id='word_1_55' title='bbox 2014 1199 2101 1273; x_wconf 87' lang='lat' dir='ltr'><strong>A.</strong></span> <span class='ocrx_word' id='word_1_56' title='bbox 2204 1200 2360 1269; x_wconf 88' lang='lat' dir='ltr'><strong>Alia</strong></span> <span class='ocrx_word' id='word_1_57' title='bbox 2404 1199 2595 1269; x_wconf 89' lang='lat' dir='ltr'><strong>dedit</strong></span> <span class='ocrx_word' id='word_1_58' title='bbox 2628 1200 2958 1270; x_wconf 73' lang='lat' dir='ltr'><strong>Matthiae</strong></span> 
     </span>
     <span class='ocr_line' id='line_1_8' title="bbox 734 1293 1587 1395; baseline 0.008 -29"><span class='ocrx_word' id='word_1_59' title='bbox 734 1322 839 1395; x_wconf 85' lang='lat' dir='ltr'><strong>gr.</strong></span> <span class='ocrx_word' id='word_1_60' title='bbox 872 1300 996 1370; x_wconf 86' lang='lat' dir='ltr'><strong>Gr.</strong></span> <span class='ocrx_word' id='word_1_61' title='bbox 1030 1293 1101 1394; x_wconf 62' lang='grc' dir='ltr'><strong>δ.</strong></span> <span class='ocrx_word' id='word_1_62' title='bbox 1135 1296 1312 1372; x_wconf 83' lang='grc'><strong>529.</strong></span> <span class='ocrx_word' id='word_1_63' title='bbox 1347 1309 1483 1372; x_wconf 88' lang='lat' dir='ltr'><strong>not.</strong></span> <span class='ocrx_word' id='word_1_64' title='bbox 1517 1298 1587 1373; x_wconf 83' lang='lat'><strong>3.</strong></span> 
     </span>
    </p>
   </div>
   <div class='ocr_carea' id='block_1_5' title="bbox 734 1452 2952 1634">
    <p class='ocr_par' dir='ltr' id='par_1_5' title="bbox 734 1452 2952 1634">
     <span class='ocr_line' id='line_1_9' title="bbox 831 1452 2952 1625; baseline 0.001 -104"><span class='ocrx_word' id='word_1_65' title='bbox 831 1452 1259 1625; x_wconf 50' lang='lat' dir='ltr'><strong>egecunda</strong></span> <span class='ocrx_word' id='word_1_66' title='bbox 1314 1454 1536 1523; x_wconf 85' lang='lat' dir='ltr'><strong>forma</strong></span> <span class='ocrx_word' id='word_1_67' title='bbox 1599 1453 2121 1550; x_wconf 77' lang='lat' dir='ltr'><strong>interrogatione</strong></span> <span class='ocrx_word' id='word_1_68' title='bbox 2187 1456 2579 1527; x_wconf 80' lang='lat' dir='ltr'><strong>continetur.</strong></span> <span class='ocrx_word' id='word_1_69' title='bbox 2703 1453 2952 1549; x_wconf 76' lang='lat' dir='ltr'><strong>odyss.</strong></span> 
     </span>
     <span class='ocr_line' id='line_1_10' title="bbox 734 1561 1006 1634; baseline -0.029 -1"><span class='ocrx_word' id='word_1_70' title='bbox 734 1561 797 1634; x_wconf 82' lang='grc' dir='ltr'><strong>δ.</strong></span> <span class='ocrx_word' id='word_1_71' title='bbox 989 1608 1006 1625; x_wconf 94' lang='grc'><strong>.</strong></span> 
     </span>
    </p>
   </div>
   <div class='ocr_carea' id='block_1_6' title="bbox 1672 1704 2757 1806">
    <p class='ocr_par' dir='ltr' id='par_1_6' title="bbox 1672 1704 2757 1806">
     <span class='ocr_line' id='line_1_11' title="bbox 1672 1704 2757 1806; baseline 0 -20"><span class='ocrx_word' id='word_1_72' title='bbox 1672 1704 1978 1786; x_wconf 75' lang='grc' dir='ltr'><strong><em>δύναιτό</em></strong></span> <span class='ocrx_word' id='word_1_73' title='bbox 2001 1738 2084 1805; x_wconf 76' lang='grc' dir='ltr'><strong>γε</strong></span> <span class='ocrx_word' id='word_1_74' title='bbox 2112 1709 2231 1784; x_wconf 77' lang='grc' dir='ltr'><strong><em>καὶ</em></strong></span> <span class='ocrx_word' id='word_1_75' title='bbox 2259 1705 2355 1786; x_wconf 59' lang='lat' dir='ltr'><strong>vo*</strong></span> <span class='ocrx_word' id='word_1_76' title='bbox 2383 1713 2714 1787; x_wconf 76' lang='grc' dir='ltr'><strong><em>τελέσσαι</em></strong></span> <span class='ocrx_word' id='word_1_77' title='bbox 2729 1741 2757 1806; x_wconf 81' lang='lat'><em>3</em></span> 
     </span>
    </p>
   </div>
   <div class='ocr_carea' id='block_1_7' title="bbox 728 1859 2953 2580">
    <p class='ocr_par' dir='ltr' id='par_1_7' title="bbox 728 1859 2953 2370">
     <span class='ocr_line' id='line_1_12' title="bbox 733 1859 2953 1958; baseline 0.001 -23"><span class='ocrx_word' id='word_1_78' title='bbox 733 1867 778 1938; x_wconf 93' lang='lat' dir='ltr'><strong>i.</strong></span> <span class='ocrx_word' id='word_1_79' title='bbox 808 1888 868 1933; x_wconf 91' lang='lat' dir='ltr'><strong>e.</strong></span> <span class='ocrx_word' id='word_1_80' title='bbox 895 1871 1242 1958; x_wconf 79' lang='lat' dir='ltr'><strong>putemne</strong></span> <span class='ocrx_word' id='word_1_81' title='bbox 1270 1885 1432 1933; x_wconf 77' lang='lat' dir='ltr'><strong>eum</strong></span> <span class='ocrx_word' id='word_1_82' title='bbox 1470 1863 1665 1933; x_wconf 81' lang='lat' dir='ltr'><strong>adeo</strong></span> <span class='ocrx_word' id='word_1_83' title='bbox 1691 1863 1833 1933; x_wconf 83' lang='grc' dir='ltr'><strong><em>Ῑιοο</em></strong></span> <span class='ocrx_word' id='word_1_84' title='bbox 1864 1886 2128 1935; x_wconf 77' lang='lat' dir='ltr'><strong>ausum</strong></span> <span class='ocrx_word' id='word_1_85' title='bbox 2154 1859 2373 1935; x_wconf 80' lang='lat' dir='ltr'><strong>esse?</strong></span> <span class='ocrx_word' id='word_1_86' title='bbox 2422 1865 2550 1934; x_wconf 87' lang='lat' dir='ltr'><strong>Est</strong></span> <span class='ocrx_word' id='word_1_87' title='bbox 2579 1867 2757 1935; x_wconf 88' lang='lat' dir='ltr'><strong>enim</strong></span> <span class='ocrx_word' id='word_1_88' title='bbox 2784 1865 2953 1937; x_wconf 83' lang='lat' dir='ltr'><strong>haec</strong></span> 
     </span>
     <span class='ocr_line' id='line_1_13' title="bbox 731 1967 2953 2060; baseline 0.001 -22"><span class='ocrx_word' id='word_1_89' title='bbox 731 1970 954 2038; x_wconf 80' lang='lat' dir='ltr'><strong>forma</strong></span> <span class='ocrx_word' id='word_1_90' title='bbox 977 1968 1150 2053; x_wconf 85' lang='lat' dir='ltr'><strong>talis,</strong></span> <span class='ocrx_word' id='word_1_91' title='bbox 1202 1977 1278 2036; x_wconf 88' lang='lat' dir='ltr'><strong>ut</strong></span> <span class='ocrx_word' id='word_1_92' title='bbox 1307 1969 1706 2035; x_wconf 83' lang='lat' dir='ltr'><strong>sententiam</strong></span> <span class='ocrx_word' id='word_1_93' title='bbox 1738 1968 2109 2060; x_wconf 86' lang='lat' dir='ltr'><strong>cuiuspiam</strong></span> <span class='ocrx_word' id='word_1_94' title='bbox 2139 1968 2445 2059; x_wconf 86' lang='lat' dir='ltr'><strong>exquirat</strong></span> <span class='ocrx_word' id='word_1_95' title='bbox 2482 1967 2570 2038; x_wconf 83' lang='lat' dir='ltr'><strong>de</strong></span> <span class='ocrx_word' id='word_1_96' title='bbox 2612 1992 2716 2057; x_wconf 88' lang='lat' dir='ltr'><strong>eo,</strong></span> <span class='ocrx_word' id='word_1_97' title='bbox 2769 1973 2953 2060; x_wconf 87' lang='lat' dir='ltr'><strong>quod</strong></span> 
     </span>
     <span class='ocr_line' id='line_1_14' title="bbox 731 2066 2951 2163; baseline 0.002 -21"><span class='ocrx_word' id='word_1_98' title='bbox 731 2082 921 2142; x_wconf 83' lang='lat' dir='ltr'><strong>reeta</strong></span> <span class='ocrx_word' id='word_1_99' title='bbox 941 2073 1244 2140; x_wconf 86' lang='lat' dir='ltr'><strong>oratione</strong></span> <span class='ocrx_word' id='word_1_100' title='bbox 1267 2094 1397 2163; x_wconf 86' lang='lat' dir='ltr'><strong>per</strong></span> <span class='ocrx_word' id='word_1_101' title='bbox 1426 2070 1858 2140; x_wconf 83' lang='lat' dir='ltr'><strong>indicativum</strong></span> <span class='ocrx_word' id='word_1_102' title='bbox 1889 2071 2193 2161; x_wconf 83' lang='lat' dir='ltr'><strong>dicimus,</strong></span> <span class='ocrx_word' id='word_1_103' title='bbox 2240 2066 2552 2145; x_wconf 81' lang='grc' dir='ltr'><strong><em>δύναται</em></strong></span> <span class='ocrx_word' id='word_1_104' title='bbox 2579 2072 2809 2147; x_wconf 81' lang='grc' dir='ltr'><strong><em>τοῦτο</em></strong></span> <span class='ocrx_word' id='word_1_105' title='bbox 2833 2102 2951 2147; x_wconf 88' lang='grc' dir='ltr'><strong>τε-</strong></span> 
     </span>
     <span class='ocr_line' id='line_1_15' title="bbox 730 2173 2947 2269; baseline -0.002 -18"><span class='ocrx_word' id='word_1_106' title='bbox 730 2178 980 2250; x_wconf 85' lang='grc' dir='ltr'><strong><em>λέσσαι</em></strong></span> <span class='ocrx_word' id='word_1_107' title='bbox 994 2203 1023 2267; x_wconf 82' lang='lat'><strong>,-</strong></span> <span class='ocrx_word' id='word_1_108' title='bbox 1071 2175 1180 2243; x_wconf 89' lang='lat' dir='ltr'><strong>De</strong></span> <span class='ocrx_word' id='word_1_109' title='bbox 1205 2173 1344 2243; x_wconf 83' lang='lat' dir='ltr'><strong>hoe</strong></span> <span class='ocrx_word' id='word_1_110' title='bbox 1379 2197 1637 2268; x_wconf 80' lang='lat' dir='ltr'><strong>genere</strong></span> <span class='ocrx_word' id='word_1_111' title='bbox 1675 2176 1855 2244; x_wconf 89' lang='lat' dir='ltr'><strong>bene</strong></span> <span class='ocrx_word' id='word_1_112' title='bbox 1896 2175 2257 2266; x_wconf 81' lang='lat' dir='ltr'><strong>explicavit</strong></span> <span class='ocrx_word' id='word_1_113' title='bbox 2285 2176 2624 2269; x_wconf 83' lang='lat' dir='ltr'><strong>Reisigius</strong></span> <span class='ocrx_word' id='word_1_114' title='bbox 2650 2176 2720 2244; x_wconf 88' lang='lat' dir='ltr'><strong>in</strong></span> <span class='ocrx_word' id='word_1_115' title='bbox 2762 2199 2947 2246; x_wconf 87' lang='lat' dir='ltr'><strong>com·</strong></span> 
     </span>
     <span class='ocr_line' id='line_1_16' title="bbox 728 2276 2286 2370; baseline -0.003 -20"><span class='ocrx_word' id='word_1_116' title='bbox 728 2279 1136 2350; x_wconf 87' lang='lat' dir='ltr'><strong>mentatione</strong></span> <span class='ocrx_word' id='word_1_117' title='bbox 1161 2278 1251 2346; x_wconf 84' lang='lat' dir='ltr'><strong>‹le</strong></span> <span class='ocrx_word' id='word_1_118' title='bbox 1282 2277 1375 2350; x_wconf 77' lang='grc' dir='ltr'><strong>ἄν</strong></span> <span class='ocrx_word' id='word_1_119' title='bbox 1412 2279 1746 2369; x_wconf 87' lang='lat' dir='ltr'><strong>particula</strong></span> <span class='ocrx_word' id='word_1_120' title='bbox 1770 2301 1841 2370; x_wconf 90' lang='grc' dir='ltr'><strong>Ρ.</strong></span> <span class='ocrx_word' id='word_1_121' title='bbox 1881 2276 2055 2351; x_wconf 87' lang='grc'><strong>132.</strong></span> <span class='ocrx_word' id='word_1_122' title='bbox 2094 2301 2286 2369; x_wconf 92' lang='lat' dir='ltr'><strong>seqq.</strong></span> 
     </span>
    </p>

    <p class='ocr_par' dir='ltr' id='par_1_8' title="bbox 728 2380 2951 2580">
     <span class='ocr_line' id='line_1_17' title="bbox 935 2380 2951 2473; baseline 0 -22"><span class='ocrx_word' id='word_1_123' title='bbox 935 2382 1173 2451; x_wconf 86' lang='lat' dir='ltr'><strong>Tertia</strong></span> <span class='ocrx_word' id='word_1_124' title='bbox 1202 2380 1424 2449; x_wconf 87' lang='lat' dir='ltr'><strong>forma</strong></span> <span class='ocrx_word' id='word_1_125' title='bbox 1467 2404 1550 2449; x_wconf 90' lang='lat' dir='ltr'><strong>ea</strong></span> <span class='ocrx_word' id='word_1_126' title='bbox 1584 2392 1723 2467; x_wconf 83' lang='lat' dir='ltr'><strong>est,</strong></span> <span class='ocrx_word' id='word_1_127' title='bbox 1779 2404 1955 2471; x_wconf 90' lang='lat' dir='ltr'><strong>quae</strong></span> <span class='ocrx_word' id='word_1_128' title='bbox 1989 2405 2122 2473; x_wconf 87' lang='lat' dir='ltr'><strong>pro</strong></span> <span class='ocrx_word' id='word_1_129' title='bbox 2165 2381 2522 2450; x_wconf 84' lang='lat' dir='ltr'><strong>indicativo</strong></span> <span class='ocrx_word' id='word_1_130' title='bbox 2539 2431 2562 2470; x_wconf 85' lang='lat'>‚</span> <span class='ocrx_word' id='word_1_131' title='bbox 2615 2405 2774 2452; x_wconf 84' lang='lat' dir='ltr'><strong>eum</strong></span> <span class='ocrx_word' id='word_1_132' title='bbox 2814 2382 2951 2452; x_wconf 88' lang='lat' dir='ltr'><strong>aliis</strong></span> 
     </span>
     <span class='ocr_line' id='line_1_18' title="bbox 728 2485 2950 2580; baseline 0 -26"><span class='ocrx_word' id='word_1_133' title='bbox 728 2485 950 2554; x_wconf 82' lang='lat' dir='ltr'><strong>verbis</strong></span> <span class='ocrx_word' id='word_1_134' title='bbox 981 2487 1051 2553; x_wconf 90' lang='lat' dir='ltr'><strong>in</strong></span> <span class='ocrx_word' id='word_1_135' title='bbox 1080 2493 1269 2552; x_wconf 87' lang='lat' dir='ltr'><strong>recta</strong></span> <span class='ocrx_word' id='word_1_136' title='bbox 1310 2485 1614 2555; x_wconf 88' lang='lat' dir='ltr'><strong>oratione</strong></span> <span class='ocrx_word' id='word_1_137' title='bbox 1651 2494 2036 2554; x_wconf 82' lang='lat' dir='ltr'><strong>constructo</strong></span> <span class='ocrx_word' id='word_1_138' title='bbox 2069 2486 2444 2580; x_wconf 82' lang='lat' dir='ltr'><strong>optativum</strong></span> <span class='ocrx_word' id='word_1_139' title='bbox 2477 2485 2711 2556; x_wconf 86' lang='lat' dir='ltr'><strong>habet.</strong></span> <span class='ocrx_word' id='word_1_140' title='bbox 2819 2487 2950 2557; x_wconf 90' lang='lat' dir='ltr'><strong>So-</strong></span> 
     </span>
    </p>
   </div>
   <div class='ocr_carea' id='block_1_8' title="bbox 723 2585 1421 2682">
    <p class='ocr_par' dir='ltr' id='par_1_9' title="bbox 723 2585 1421 2682">
     <span class='ocr_line' id='line_1_19' title="bbox 723 2585 1421 2682; baseline 0 -25"><span class='ocrx_word' id='word_1_141' title='bbox 723 2588 1012 2682; x_wconf 87' lang='lat' dir='ltr'><strong>phocles</strong></span> <span class='ocrx_word' id='word_1_142' title='bbox 1040 2586 1215 2657; x_wconf 89' lang='lat' dir='ltr'><strong>Phil.</strong></span> <span class='ocrx_word' id='word_1_143' title='bbox 1248 2585 1421 2661; x_wconf 81' lang='grc'><strong>610.</strong></span> 
     </span>
    </p>
   </div>
   <div class='ocr_carea' id='block_1_9' title="bbox 929 2734 2620 3151">
    <p class='ocr_par' dir='ltr' id='par_1_10' title="bbox 929 2734 2620 3151">
     <span class='ocr_line' id='line_1_20' title="bbox 935 2734 2620 2861; baseline 0.002 -47"><span class='ocrx_word' id='word_1_144' title='bbox 935 2740 1012 2823; x_wconf 83' lang='grc' dir='ltr'><strong>ὂς</strong></span> <span class='ocrx_word' id='word_1_145' title='bbox 1047 2736 1173 2861; x_wconf 81' lang='grc' dir='ltr'><strong>δη</strong></span> <span class='ocrx_word' id='word_1_146' title='bbox 1173 2734 1273 2814; x_wconf 73' lang='grc' dir='ltr'><strong>τοί</strong></span> <span class='ocrx_word' id='word_1_147' title='bbox 1304 2770 1350 2814; x_wconf 88' lang='grc' dir='ltr'><strong><em>τ</em></strong></span> <span class='ocrx_word' id='word_1_148' title='bbox 1362 2738 1583 2816; x_wconf 91' lang='grc' dir='ltr'><strong>αλλ</strong></span> <span class='ocrx_word' id='word_1_149' title='bbox 1612 2737 1904 2817; x_wconf 85' lang='grc' dir='ltr'><strong><em>αυτοῖσι</em></strong></span> <span class='ocrx_word' id='word_1_150' title='bbox 1934 2736 2130 2818; x_wconf 73' lang='grc' dir='ltr'><strong><em>πάντ</em></strong></span> <span class='ocrx_word' id='word_1_151' title='bbox 2141 2738 2620 2833; x_wconf 74' lang='grc' dir='ltr'><strong><em>ἐθέσπισεν,</em></strong></span> 
     </span>
     <span class='ocr_line' id='line_1_21' title="bbox 930 2839 2454 2971; baseline 0.002 -54"><span class='ocrx_word' id='word_1_152' title='bbox 930 2872 1049 2917; x_wconf 84' lang='grc' dir='ltr'><strong>και</strong></span> <span class='ocrx_word' id='word_1_153' title='bbox 1074 2839 1255 2917; x_wconf 80' lang='grc' dir='ltr'><strong>τοῖπι</strong></span> <span class='ocrx_word' id='word_1_154' title='bbox 1293 2844 1526 2943; x_wconf 85' lang='grc' dir='ltr'><strong><em>Τροία</em></strong></span> <span class='ocrx_word' id='word_1_155' title='bbox 1546 2843 1878 2971; x_wconf 74' lang='grc' dir='ltr'><strong><em>πέργαμ’</em></strong></span> <span class='ocrx_word' id='word_1_156' title='bbox 1908 2874 1998 2928; x_wconf 78' lang='grc' dir='ltr'><strong>ως</strong></span> <span class='ocrx_word' id='word_1_157' title='bbox 2029 2842 2119 2921; x_wconf 77' lang='grc' dir='ltr'><strong>οὐ</strong></span> <span class='ocrx_word' id='word_1_158' title='bbox 2140 2840 2248 2944; x_wconf 78' lang='grc' dir='ltr'><strong>μή</strong></span> <span class='ocrx_word' id='word_1_159' title='bbox 2271 2873 2454 2920; x_wconf 92' lang='grc' dir='ltr'><strong><em>ποτε</em></strong></span> 
     </span>
     <span class='ocr_line' id='line_1_22' title="bbox 929 2943 2447 3046; baseline 0.001 -26"><span class='ocrx_word' id='word_1_160' title='bbox 929 2948 1268 3045; x_wconf 85' lang='grc' dir='ltr'><strong><em>πέρσοιεν</em></strong></span> <span class='ocrx_word' id='word_1_161' title='bbox 1286 2998 1311 3035; x_wconf 85' lang='grc'><strong><em>,</em></strong></span> <span class='ocrx_word' id='word_1_162' title='bbox 1366 2951 1437 3022; x_wconf 84' lang='grc' dir='ltr'><strong>εἰ</strong></span> <span class='ocrx_word' id='word_1_163' title='bbox 1457 2943 1568 3046; x_wconf 80' lang='grc' dir='ltr'><em>μή</em></span> <span class='ocrx_word' id='word_1_164' title='bbox 1604 2943 1823 3023; x_wconf 80' lang='grc' dir='ltr'><strong><em>τόνδε</em></strong></span> <span class='ocrx_word' id='word_1_165' title='bbox 1853 2948 2231 3031; x_wconf 81' lang='grc' dir='ltr'><strong><em>πείσαντες</em></strong></span> <span class='ocrx_word' id='word_1_166' title='bbox 2260 2943 2447 3044; x_wconf 76' lang='grc' dir='ltr'><strong><em>λόγῳ</em></strong></span> 
     </span>
     <span class='ocr_line' id='line_1_23' title="bbox 931 3045 2565 3151; baseline 0 -27"><span class='ocrx_word' id='word_1_167' title='bbox 931 3078 1234 3145; x_wconf 74' lang='grc' dir='ltr'><strong><em>αγοιντο</em></strong></span> <span class='ocrx_word' id='word_1_168' title='bbox 1263 3045 1487 3148; x_wconf 81' lang='grc' dir='ltr'><strong><em>νήσου</em></strong></span> <span class='ocrx_word' id='word_1_169' title='bbox 1519 3047 1721 3150; x_wconf 81' lang='grc' dir='ltr'><strong>τῆςδ’</strong></span> <span class='ocrx_word' id='word_1_170' title='bbox 1734 3101 1756 3139; x_wconf 86' lang='grc'><strong><em>,</em></strong></span> <span class='ocrx_word' id='word_1_171' title='bbox 1821 3047 1947 3149; x_wconf 76' lang='grc' dir='ltr'><strong>ἐφ’</strong></span> <span class='ocrx_word' id='word_1_172' title='bbox 1984 3048 2064 3151; x_wconf 80' lang='grc' dir='ltr'><strong>ἧς</strong></span> <span class='ocrx_word' id='word_1_173' title='bbox 2093 3053 2285 3126; x_wconf 82' lang='grc' dir='ltr'><strong><em>ναίει</em></strong></span> <span class='ocrx_word' id='word_1_174' title='bbox 2315 3050 2565 3125; x_wconf 80' lang='grc' dir='ltr'><strong><em>τανῦν</em></strong></span> 
     </span>
    </p>
   </div>
   <div class='ocr_carea' id='block_1_10' title="bbox 718 3199 2959 3404">
    <p class='ocr_par' dir='ltr' id='par_1_11' title="bbox 718 3199 2959 3404">
     <span class='ocr_line' id='line_1_24' title="bbox 721 3199 2959 3302; baseline 0 -28"><span class='ocrx_word' id='word_1_175' title='bbox 721 3207 902 3274; x_wconf 89' lang='lat' dir='ltr'><strong>Nam</strong></span> <span class='ocrx_word' id='word_1_176' title='bbox 944 3212 1174 3274; x_wconf 89' lang='lat' dir='ltr'><strong>rectae</strong></span> <span class='ocrx_word' id='word_1_177' title='bbox 1208 3207 1523 3275; x_wconf 86' lang='lat' dir='ltr'><strong>orationis</strong></span> <span class='ocrx_word' id='word_1_178' title='bbox 1559 3214 1743 3290; x_wconf 86' lang='lat' dir='ltr'><strong>erat,</strong></span> <span class='ocrx_word' id='word_1_179' title='bbox 1796 3233 1888 3288; x_wconf 81' lang='grc' dir='ltr'><strong>ως</strong></span> <span class='ocrx_word' id='word_1_180' title='bbox 1927 3201 2016 3278; x_wconf 77' lang='grc' dir='ltr'><strong>οὐ</strong></span> <span class='ocrx_word' id='word_1_181' title='bbox 2046 3199 2154 3302; x_wconf 81' lang='grc' dir='ltr'><strong>μή</strong></span> <span class='ocrx_word' id='word_1_182' title='bbox 2183 3231 2366 3278; x_wconf 90' lang='grc' dir='ltr'><strong><em>ποτε</em></strong></span> <span class='ocrx_word' id='word_1_183' title='bbox 2394 3205 2824 3301; x_wconf 87' lang='grc' dir='ltr'><strong><em>πέρσουσιν,</em></strong></span> <span class='ocrx_word' id='word_1_184' title='bbox 2887 3204 2959 3274; x_wconf 86' lang='grc' dir='ltr'><strong>εἰ</strong></span> 
     </span>
     <span class='ocr_line' id='line_1_25' title="bbox 718 3302 2950 3404; baseline -0.002 -24"><span class='ocrx_word' id='word_1_185' title='bbox 718 3302 827 3404; x_wconf 83' lang='grc' dir='ltr'><em>μή</em></span> <span class='ocrx_word' id='word_1_186' title='bbox 857 3306 1189 3402; x_wconf 74' lang='grc' dir='ltr'><strong><em>ἄγονται.</em></strong></span> <span class='ocrx_word' id='word_1_187' title='bbox 1290 3309 1388 3380; x_wconf 87' lang='lat' dir='ltr'><strong>Et</strong></span> <span class='ocrx_word' id='word_1_188' title='bbox 1418 3310 1555 3380; x_wconf 85' lang='lat' dir='ltr'><strong>hoc</strong></span> <span class='ocrx_word' id='word_1_189' title='bbox 1588 3309 1867 3403; x_wconf 89' lang='lat' dir='ltr'><strong>quidem</strong></span> <span class='ocrx_word' id='word_1_190' title='bbox 1896 3332 2154 3404; x_wconf 84' lang='lat' dir='ltr'><strong>genere</strong></span> <span class='ocrx_word' id='word_1_191' title='bbox 2182 3308 2346 3378; x_wconf 87' lang='lat' dir='ltr'><strong>nihil</strong></span> <span class='ocrx_word' id='word_1_192' title='bbox 2375 3306 2793 3399; x_wconf 84' lang='lat' dir='ltr'><strong>frequentius</strong></span> <span class='ocrx_word' id='word_1_193' title='bbox 2831 3313 2950 3376; x_wconf 86' lang='lat' dir='ltr'><strong>est.</strong></span> 
     </span>
    </p>
   </div>
   <div class='ocr_carea' id='block_1_11' title="bbox 715 3409 1256 3505">
    <p class='ocr_par' dir='ltr' id='par_1_12' title="bbox 715 3409 1256 3505">
     <span class='ocr_line' id='line_1_26' title="bbox 715 3409 1256 3505; baseline 0.007 -24"><span class='ocrx_word' id='word_1_194' title='bbox 715 3409 970 3505; x_wconf 76' lang='lat' dir='ltr'><strong>odyss,</strong></span> <span class='ocrx_word' id='word_1_195' title='bbox 999 3441 1053 3488; x_wconf 90' lang='grc' dir='ltr'><strong><em>ε.</em></strong></span> <span class='ocrx_word' id='word_1_196' title='bbox 1082 3411 1256 3485; x_wconf 74' lang='grc'><strong>237.</strong></span> 
     </span>
    </p>
   </div>
   <div class='ocr_carea' id='block_1_12' title="bbox 922 3543 2881 3957">
    <p class='ocr_par' dir='ltr' id='par_1_13' title="bbox 922 3543 2881 3957">
     <span class='ocr_line' id='line_1_27' title="bbox 2299 3543 2816 3645; baseline 0.002 -23"><span class='ocrx_word' id='word_1_197' title='bbox 2299 3543 2478 3645; x_wconf 81' lang='grc' dir='ltr'><strong><em>ἦρχε</em></strong></span> <span class='ocrx_word' id='word_1_198' title='bbox 2503 3545 2578 3623; x_wconf 80' lang='grc' dir='ltr'><strong>δ’</strong></span> <span class='ocrx_word' id='word_1_199' title='bbox 2609 3545 2816 3623; x_wconf 85' lang='grc' dir='ltr'><strong><em>ὁδοῖο</em></strong></span> 
     </span>
     <span class='ocr_line' id='line_1_28' title="bbox 925 3645 2881 3778; baseline 0 -53"><span class='ocrx_word' id='word_1_200' title='bbox 925 3645 1147 3743; x_wconf 83' lang='grc' dir='ltr'><strong><em>νήσου</em></strong></span> <span class='ocrx_word' id='word_1_201' title='bbox 1179 3646 1302 3726; x_wconf 82' lang='grc' dir='ltr'><strong><em>ἐπ</em></strong></span> <span class='ocrx_word' id='word_1_202' title='bbox 1333 3651 1705 3747; x_wconf 73' lang='grc' dir='ltr'><strong><em>ἐσχατιῆς,</em></strong></span> <span class='ocrx_word' id='word_1_203' title='bbox 1757 3649 1894 3727; x_wconf 79' lang='grc' dir='ltr'><strong>ὅθι</strong></span> <span class='ocrx_word' id='word_1_204' title='bbox 1910 3651 2235 3778; x_wconf 82' lang='grc' dir='ltr'><strong><em>δένδρεα</em></strong></span> <span class='ocrx_word' id='word_1_205' title='bbox 2269 3676 2517 3747; x_wconf 84' lang='grc' dir='ltr'><strong><em>μακρα</em></strong></span> <span class='ocrx_word' id='word_1_206' title='bbox 2546 3646 2881 3746; x_wconf 79' lang='grc' dir='ltr'><strong><em>πεφύκει,</em></strong></span> 
     </span>
     <span class='ocr_line' id='line_1_29' title="bbox 922 3747 2812 3881; baseline 0.001 -56"><span class='ocrx_word' id='word_1_207' title='bbox 922 3748 1207 3881; x_wconf 79' lang='grc' dir='ltr'><strong><em>κλήθρη</em></strong></span> <span class='ocrx_word' id='word_1_208' title='bbox 1241 3781 1286 3826; x_wconf 86' lang='grc' dir='ltr'><strong><em>τ</em></strong></span> <span class='ocrx_word' id='word_1_209' title='bbox 1346 3748 1667 3850; x_wconf 76' lang='grc' dir='ltr'><strong><em>αἴγειρός</em></strong></span> <span class='ocrx_word' id='word_1_210' title='bbox 1697 3783 1744 3829; x_wconf 90' lang='grc' dir='ltr'><strong><em>τ</em></strong></span> <span class='ocrx_word' id='word_1_211' title='bbox 1758 3747 2017 3879; x_wconf 80' lang='grc' dir='ltr'><strong><em>ελοίτη</em></strong></span> <span class='ocrx_word' id='word_1_212' title='bbox 2052 3782 2099 3828; x_wconf 90' lang='grc' dir='ltr'><strong><em>τ</em></strong></span> <span class='ocrx_word' id='word_1_213' title='bbox 2162 3749 2262 3879; x_wconf 79' lang='grc' dir='ltr'><strong>ἦν</strong></span> <span class='ocrx_word' id='word_1_214' title='bbox 2282 3749 2812 3851; x_wconf 81' lang='grc' dir='ltr'><strong><em>ουρανομήκης,</em></strong></span> 
     </span>
     <span class='ocr_line' id='line_1_30' title="bbox 926 3850 2786 3957; baseline 0.002 -29"><span class='ocrx_word' id='word_1_215' title='bbox 926 3852 1072 3929; x_wconf 76' lang='grc' dir='ltr'><strong>αὖα</strong></span> <span class='ocrx_word' id='word_1_216' title='bbox 1102 3850 1373 3948; x_wconf 88' lang='grc' dir='ltr'><strong><em>παλαι,</em></strong></span> <span class='ocrx_word' id='word_1_217' title='bbox 1426 3858 1815 3957; x_wconf 86' lang='grc' dir='ltr'><strong><em>περίκηλα,</em></strong></span> <span class='ocrx_word' id='word_1_218' title='bbox 1870 3851 1972 3932; x_wconf 86' lang='grc' dir='ltr'><strong><em>τα’</em></strong></span> <span class='ocrx_word' id='word_1_219' title='bbox 2005 3862 2080 3932; x_wconf 85' lang='grc' dir='ltr'><strong>οἱ</strong></span> <span class='ocrx_word' id='word_1_220' title='bbox 2105 3850 2417 3931; x_wconf 73' lang='grc' dir='ltr'><strong><em>πλώοιεν</em></strong></span> <span class='ocrx_word' id='word_1_221' title='bbox 2440 3859 2786 3956; x_wconf 76' lang='grc' dir='ltr'><strong><em>ελαφροῖς.</em></strong></span> 
     </span>
    </p>
   </div>
   <div class='ocr_carea' id='block_1_13' title="bbox 713 4006 2943 4518">
    <p class='ocr_par' dir='ltr' id='par_1_14' title="bbox 713 4006 2943 4518">
     <span class='ocr_line' id='line_1_31' title="bbox 726 4006 2942 4105; baseline 0 -28"><span class='ocrx_word' id='word_1_222' title='bbox 726 4006 939 4105; x_wconf 73' lang='lat' dir='ltr'><strong>Quae</strong></span> <span class='ocrx_word' id='word_1_223' title='bbox 955 4006 1205 4102; x_wconf 77' lang='lat' dir='ltr'><strong>facile</strong></span> <span class='ocrx_word' id='word_1_224' title='bbox 1226 4019 1520 4080; x_wconf 79' lang='lat' dir='ltr'><strong>natare</strong></span> <span class='ocrx_word' id='word_1_225' title='bbox 1563 4012 1923 4081; x_wconf 79' lang='lat' dir='ltr'><strong>erederet.</strong></span> <span class='ocrx_word' id='word_1_226' title='bbox 2025 4009 2187 4080; x_wconf 85' lang='lat' dir='ltr'><strong>Hoc</strong></span> <span class='ocrx_word' id='word_1_227' title='bbox 2219 4008 2498 4099; x_wconf 89' lang='lat' dir='ltr'><strong>quidem</strong></span> <span class='ocrx_word' id='word_1_228' title='bbox 2533 4009 2693 4079; x_wconf 84' lang='lat' dir='ltr'><strong>loeo</strong></span> <span class='ocrx_word' id='word_1_229' title='bbox 2743 4011 2942 4080; x_wconf 86' lang='lat' dir='ltr'><strong>etiam</strong></span> 
     </span>
     <span class='ocr_line' id='line_1_32' title="bbox 717 4112 2943 4208; baseline 0.001 -28"><span class='ocrx_word' id='word_1_230' title='bbox 717 4134 852 4204; x_wconf 87' lang='lat' dir='ltr'><strong>pro</strong></span> <span class='ocrx_word' id='word_1_231' title='bbox 888 4112 1310 4181; x_wconf 80' lang='lat' dir='ltr'><strong>coniunctivo</strong></span> <span class='ocrx_word' id='word_1_232' title='bbox 1350 4123 1579 4182; x_wconf 83' lang='lat' dir='ltr'><strong>rectae</strong></span> <span class='ocrx_word' id='word_1_233' title='bbox 1611 4115 1927 4184; x_wconf 83' lang='lat' dir='ltr'><strong>orationis</strong></span> <span class='ocrx_word' id='word_1_234' title='bbox 1954 4113 2216 4206; x_wconf 86' lang='lat' dir='ltr'><strong>positus</strong></span> <span class='ocrx_word' id='word_1_235' title='bbox 2243 4112 2456 4182; x_wconf 80' lang='lat' dir='ltr'><strong>videri</strong></span> <span class='ocrx_word' id='word_1_236' title='bbox 2489 4122 2718 4206; x_wconf 86' lang='lat' dir='ltr'><strong>potest</strong></span> <span class='ocrx_word' id='word_1_237' title='bbox 2742 4123 2943 4208; x_wconf 85' lang='lat' dir='ltr'><strong>opta-</strong></span> 
     </span>
     <span class='ocr_line' id='line_1_33' title="bbox 715 4215 2939 4310; baseline 0 -27"><span class='ocrx_word' id='word_1_238' title='bbox 715 4215 924 4300; x_wconf 71' lang='lat' dir='ltr'><strong>tivae,</strong></span> <span class='ocrx_word' id='word_1_239' title='bbox 977 4216 1307 4307; x_wconf 86' lang='lat' dir='ltr'><strong>siquidem</strong></span> <span class='ocrx_word' id='word_1_240' title='bbox 1326 4268 1349 4307; x_wconf 84' lang='lat'>‚</span> <span class='ocrx_word' id='word_1_241' title='bbox 1399 4227 1477 4286; x_wconf 90' lang='lat' dir='ltr'><strong>ut</strong></span> <span class='ocrx_word' id='word_1_242' title='bbox 1521 4240 1728 4310; x_wconf 86' lang='lat' dir='ltr'><strong>supra</strong></span> <span class='ocrx_word' id='word_1_243' title='bbox 1769 4216 2183 4287; x_wconf 79' lang='lat' dir='ltr'><strong>ostendimus</strong></span> <span class='ocrx_word' id='word_1_244' title='bbox 2199 4267 2221 4305; x_wconf 86' lang='lat'>‚</span> <span class='ocrx_word' id='word_1_245' title='bbox 2273 4216 2361 4285; x_wconf 85' lang='lat' dir='ltr'><strong>ab</strong></span> <span class='ocrx_word' id='word_1_246' title='bbox 2388 4217 2763 4287; x_wconf 88' lang='lat' dir='ltr'><strong>Homerico</strong></span> <span class='ocrx_word' id='word_1_247' title='bbox 2796 4241 2939 4287; x_wconf 88' lang='lat' dir='ltr'><strong>ser-</strong></span> 
     </span>
     <span class='ocr_line' id='line_1_34' title="bbox 715 4314 2941 4406; baseline 0.001 -18"><span class='ocrx_word' id='word_1_248' title='bbox 715 4340 922 4388; x_wconf 88' lang='lat' dir='ltr'><strong>mone</strong></span> <span class='ocrx_word' id='word_1_249' title='bbox 959 4342 1097 4388; x_wconf 88' lang='lat' dir='ltr'><strong>non</strong></span> <span class='ocrx_word' id='word_1_250' title='bbox 1152 4319 1478 4390; x_wconf 89' lang='lat' dir='ltr'><strong>abhorret</strong></span> <span class='ocrx_word' id='word_1_251' title='bbox 1518 4322 1652 4390; x_wconf 85' lang='lat' dir='ltr'><strong>dici</strong></span> <span class='ocrx_word' id='word_1_252' title='bbox 1692 4320 1744 4394; x_wconf 77' lang='grc' dir='ltr'><strong><em>ὁὶ</em></strong></span> <span class='ocrx_word' id='word_1_253' title='bbox 1784 4314 2154 4406; x_wconf 69' lang='grc' dir='ltr'><strong><em>πλοίοισιν,</em></strong></span> <span class='ocrx_word' id='word_1_254' title='bbox 2206 4318 2280 4387; x_wconf 89' lang='lat' dir='ltr'><strong>id</strong></span> <span class='ocrx_word' id='word_1_255' title='bbox 2319 4329 2395 4388; x_wconf 89' lang='lat' dir='ltr'><strong>ut</strong></span> <span class='ocrx_word' id='word_1_256' title='bbox 2444 4322 2530 4390; x_wconf 83' lang='lat' dir='ltr'><strong>sit</strong></span> <span class='ocrx_word' id='word_1_257' title='bbox 2579 4320 2671 4390; x_wconf 85' lang='lat' dir='ltr'><strong>de</strong></span> <span class='ocrx_word' id='word_1_258' title='bbox 2714 4321 2941 4390; x_wconf 85' lang='lat' dir='ltr'><strong>consi-</strong></span> 
     </span>
     <span class='ocr_line' id='line_1_35' title="bbox 713 4422 2939 4518; baseline 0.001 -27"><span class='ocrx_word' id='word_1_259' title='bbox 713 4422 806 4491; x_wconf 86' lang='lat' dir='ltr'><strong>lio</strong></span> <span class='ocrx_word' id='word_1_260' title='bbox 838 4422 1094 4492; x_wconf 88' lang='lat' dir='ltr'><strong>dictum</strong></span> <span class='ocrx_word' id='word_1_261' title='bbox 1110 4472 1133 4511; x_wconf 85' lang='lat'>‚</span> <span class='ocrx_word' id='word_1_262' title='bbox 1188 4446 1379 4518; x_wconf 80' lang='lat' dir='ltr'><strong>quae</strong></span> <span class='ocrx_word' id='word_1_263' title='bbox 1414 4434 1703 4511; x_wconf 81' lang='lat' dir='ltr'><strong>natent,</strong></span> <span class='ocrx_word' id='word_1_264' title='bbox 1753 4446 1886 4517; x_wconf 85' lang='lat' dir='ltr'><strong>pro</strong></span> <span class='ocrx_word' id='word_1_265' title='bbox 1918 4432 2002 4493; x_wconf 79' lang='lat' dir='ltr'><strong>ut</strong></span> <span class='ocrx_word' id='word_1_266' title='bbox 2043 4445 2136 4492; x_wconf 86' lang='lat' dir='ltr'><strong>ea</strong></span> <span class='ocrx_word' id='word_1_267' title='bbox 2162 4431 2442 4497; x_wconf 78' lang='lat' dir='ltr'><strong>natent.</strong></span> <span class='ocrx_word' id='word_1_268' title='bbox 2546 4424 2939 4494; x_wconf 84' lang='lat' dir='ltr'><strong>Herodotus</strong></span> 
     </span>
    </p>
   </div>
   <div class='ocr_carea' id='block_1_14' title="bbox 713 4522 2941 4625">
    <p class='ocr_par' dir='ltr' id='par_1_15' title="bbox 713 4522 2941 4625">
     <span class='ocr_line' id='line_1_36' title="bbox 713 4522 2941 4625; baseline 0.001 -27"><span class='ocrx_word' id='word_1_269' title='bbox 713 4526 771 4598; x_wconf 94' lang='grc'><strong>1.</strong></span> <span class='ocrx_word' id='word_1_270' title='bbox 799 4524 920 4595; x_wconf 86' lang='grc'><strong>31.</strong></span> <span class='ocrx_word' id='word_1_271' title='bbox 952 4524 1045 4609; x_wconf 75' lang='grc' dir='ltr'><strong>ὥς</strong></span> <span class='ocrx_word' id='word_1_272' title='bbox 1072 4527 1151 4602; x_wconf 74' lang='grc' dir='ltr'><strong>δὲ</strong></span> <span class='ocrx_word' id='word_1_273' title='bbox 1184 4522 1375 4601; x_wconf 78' lang='grc' dir='ltr'><strong><em>κατοῖ</em></strong></span> <span class='ocrx_word' id='word_1_274' title='bbox 1400 4522 1536 4601; x_wconf 71' lang='grc' dir='ltr'><strong>τόν</strong></span> <span class='ocrx_word' id='word_1_275' title='bbox 1581 4530 1850 4604; x_wconf 87' lang='grc' dir='ltr'><strong><em>Τέλλον</em></strong></span> <span class='ocrx_word' id='word_1_276' title='bbox 1883 4526 2401 4625; x_wconf 78' lang='grc' dir='ltr'><strong><em>προετρέψατο</em></strong></span> <span class='ocrx_word' id='word_1_277' title='bbox 2432 4523 2476 4600; x_wconf 79' lang='lat' dir='ltr'><strong>o‘</strong></span> <span class='ocrx_word' id='word_1_278' title='bbox 2511 4524 2775 4602; x_wconf 82' lang='grc' dir='ltr'><strong><em>Σόλων</em></strong></span> <span class='ocrx_word' id='word_1_279' title='bbox 2805 4522 2941 4602; x_wconf 78' lang='grc' dir='ltr'><strong>τὸν</strong></span> 
     </span>
    </p>
   </div>
  </div>
 </body>
</html>
