3259 5275
794 453 923 519 ξω
1379 447 2412 511 DEHYPERBOLE

999 642 1312 734 μέλαινα
1343 635 1414 713 δ’
1444 635 1708 724 οὕτως,
1760 634 1938 720 aicta
1975 638 2094 712 καὶ
2117 646 2355 714 ποιεῖν
2383 633 2671 722 σκότος·

793 833 971 902 qnae
997 832 1135 879 non
1167 818 1270 880 est
1299 810 1733 880 formositatis
1761 809 2134 880 imminutio
2149 862 2171 899 ,
2217 808 2339 880 sed
2379 810 2743 903 superlatio
2766 810 2994 881 defor-

789 914 1053 987 mitatis.

993 1018 1076 1086 ln
1115 1018 1301 1086 omni
1346 1015 1733 1108 hyperbole
1776 1018 2174 1107 requirimus
2217 1025 2296 1085 ut
2340 1017 2514 1084 iusta
2563 1014 2647 1084 sit
2663 1064 2687 1101 ‚
2735 1017 2783 1089 i.
2825 1039 2888 1086 e.
2930 1026 2998 1084 ut

791 1123 1129 1191 contineat
1156 1143 1258 1209 ea,
1285 1121 1355 1188 in
1375 1121 1615 1210 quibus
1630 1129 1867 1190 natura
1883 1118 2114 1213 'posita
2130 1129 2232 1189 est
2255 1120 2702 1212 hyperbolae.
2757 1117 2997 1212 Opor-

787 1234 887 1295 tet
910 1226 1117 1317 igitur
1157 1248 1491 1319 apparere
1505 1274 1526 1312 ,
1578 1226 1855 1293 nimium
1886 1225 2021 1293 dici
2060 1225 2199 1293 eius
2230 1223 2420 1313 quod
2448 1224 2770 1294 extollere
2795 1223 2995 1292 ¹voln-

787 1352 954 1401 mus,
1057 1329 1137 1396 ln
1191 1351 1326 1420 qua
1381 1352 1457 1397 re
1498 1328 1710 1398 tribus
1757 1328 1977 1398 modis
2016 1330 2290 1422 peccari
2340 1336 2600 1421 potest,
2651 1327 2764 1396 vel
2812 1328 2998 1418 quod

785 1455 1027 1526 parum
1058 1442 1161 1502 est
1205 1432 1496 1502 dicendo
1510 1480 1531 1518 ‚
1583 1432 1696 1501 vel
1733 1433 2035 1501 tollendo
2061 1455 2268 1524 supra
2304 1431 2587 1500 modum
2604 1486 2632 1521 ,
2685 1432 2798 1500 vel
2829 1454 2995 1522 per-

786 1560 1029 1629 peram
1058 1536 1394 1628 augendo.
1496 1536 1798 1605 Primum
1840 1536 2008 1607 illud
2056 1559 2264 1627 quum
2309 1537 2420 1620 fit,
2469 1558 2685 1628 prava
2728 1545 2833 1603 est
2859 1534 2992 1626 hy-

786 1640 1072 1732 perbole
1111 1662 1232 1724 eo,
1277 1638 1501 1730 quod,
1555 1662 1768 1730 quum
1797 1642 2093 1732 speciem
2129 1639 2554 1732 hyperbolae
2579 1661 2749 1732 prae
2782 1662 2862 1707 se
2888 1639 2995 1707 fe-

786 1753 891 1811 rat
905 1789 926 1827 ‚
977 1767 1054 1812 re
1100 1766 1262 1812 vera
1301 1744 1481 1811 nulla
1524 1753 1664 1831 est,
1715 1766 1797 1812 ac
1835 1744 2069 1812 minuit
2107 1744 2370 1835 potius:
2421 1752 2500 1811 ut
2515 1792 2536 1830 ,
2590 1765 2803 1832 quum
2840 1743 2993 1811 Ro-

784 1848 966 1916 mani
995 1855 1307 1916 sexcenta
1345 1846 1433 1915 de
1474 1869 1755 1916 numero
1785 1847 2068 1916 modum
2107 1846 2475 1915 excedente
2504 1845 2763 1933 dicant,
2813 1846 2993 1914 male

785 1973 872 2019 eo
907 1951 1118 2019 verbo
1161 1960 1461 2021 uteretur
1478 1998 1499 2036 ,
1552 1951 1671 2041 qui
1715 1973 1798 2019 ex
1840 1951 2160 2020 matutina
2203 1950 2436 2042 pluvia
2465 1949 2772 2018 nubilum
2808 1947 2992 2018 diem

784 2054 1136 2147 auguranti
1173 2055 1429 2123 diceret
1442 2102 1461 2138 ,
1516 2056 1883 2124 sexcenties
1898 2105 1919 2143 ,
1972 2076 2179 2144 quum
2222 2076 2421 2122 mane
2465 2053 2780 2144 pluisset,
2831 2061 2993 2145 post

777 2157 1128 2227 meridiem
1157 2158 1402 2227 sudum
1431 2158 1661 2231 fuisse.
1769 2157 2159 2229 contrarius
2182 2156 2343 2226 huic
2371 2180 2560 2226 error
2586 2165 2723 2239 est,
2776 2179 2990 2246 quum
3025 2225 3038 2240 ,

780 2261 946 2352 qnid
992 2285 1198 2354 supra
1247 2261 1525 2330 modum
1571 2262 1907 2332 attollitur.
2014 2263 2191 2330 Nam
2235 2262 2358 2330 etsi
2399 2262 2470 2329 in
2503 2260 2688 2330 omni
2723 2259 2989 2353 hyper-

777 2365 938 2434 bole
980 2365 1255 2434 nimium
1288 2365 1422 2433 dici
1459 2375 1764 2458 oportet,
1814 2375 2042 2435 tamen
2091 2365 2291 2433 etiam
2331 2366 2402 2433 in
2439 2364 2646 2433 nimio
2685 2362 2859 2432 illud
2889 2373 2991 2433 est

774 2469 1073 2555 nimium,
1123 2469 1311 2560 quod
1340 2492 1487 2538 rem
1518 2479 2013 2540 monstruosum
2045 2469 2115 2538 in
2142 2467 2421 2537 modum
2462 2478 2692 2560 auget.
2773 2466 2987 2537 Mon-

726 2569 775 2641 5
795 2580 1129 2643 struosum
1177 2582 1402 2643 autem
1448 2581 1589 2661 est,
1653 2573 1843 2665 quod
1895 2582 2203 2644 naturam
2243 2572 2342 2641 rei
2399 2572 2689 2664 perimit.
2795 2571 2986 2640 Talis

779 2684 955 2744 esset
993 2677 1108 2743 illa
1145 2676 1332 2770 apud
1361 2677 1739 2745 Homerum
1767 2671 2030 2751 ἑκατόν
2061 2676 2335 2749 πολέων
2372 2672 2768 2771 πρυλέεσσ’
2754 2671 2987 2770 α’ρα-

776 2784 948 2872 puta
976 2780 1178 2872 galea
1219 2779 1604 2865 Minervae,
1659 2778 1850 2854 Iliad.
1890 2780 1972 2848 V.
2008 2777 2182 2848 744.
2212 2779 2266 2846 si
2295 2779 2387 2863 is,
2439 2778 2625 2868 quod
2653 2780 2985 2848 nonnullis

773 2883 1049 2975 placuit,
1099 2891 1240 2951 tam
1266 2905 1585 2975 magnam
1617 2883 1908 2971 dixisset,
1959 2891 2035 2951 ut
2059 2890 2325 2951 centum
2355 2882 2621 2950 urbium
2652 2883 2985 2974 peditatni

771 2985 1130 3054 sufficeret.
1234 2987 1411 3054 Nam
1446 3008 1529 3054 ea
1555 2995 1696 3055 tam
1724 2997 1913 3056 vasta
1940 2995 2042 3055 est
2081 2983 2511 3077 magnitudo,
2564 2987 2932 3075 quantam
2912 3010 2984 3054 m

770 3089 976 3182 galea
1008 3090 1066 3158 si
1107 3091 1407 3183 cogitare
1453 3090 1601 3179 quis
1634 3091 1826 3178 velit,
1880 3090 2057 3159 elabi
2092 3090 2313 3157 animo
2343 3088 2709 3180 imaginem
2736 3092 2983 3183 galeae

770 3215 1050 3261 necesse
1096 3194 1194 3264 sit.
1298 3194 1608 3262 Tertium
1657 3195 1790 3262 vitii
1820 3217 2038 3289 genus
2065 3214 2436 3285 perperam
2466 3192 2788 3286 augendo
2823 3217 2979 3263 cer-

767 3297 974 3365 nitur:
1027 3297 1213 3387 qnod
1247 3298 1325 3366 fit
1361 3297 1680 3389 augendo
1726 3321 1845 3386 eo,
1896 3297 2081 3388 quod
2125 3304 2394 3365 auctum
2431 3296 2542 3364 vel
2588 3296 2760 3365 nihil
2807 3320 2979 3366 con-

765 3400 899 3467 fert
938 3398 1028 3468 ad
1060 3401 1649 3493 amplificationem
1687 3402 1821 3490 rei,
1873 3401 1983 3469 vel
2025 3423 2175 3468 eam
2205 3400 2550 3491 pervertit.
2655 3399 2839 3469 Illud
2870 3401 2978 3470 fe-

764 3502 854 3569 cit
916 3503 1189 3573 Paullus
1247 3504 1659 3575 Silentiarius
1718 3506 1788 3577 in
1856 3505 2345 3598 epigrammate
2389 3503 2481 3571 ad
2530 3504 2821 3574 amicam
2871 3504 2975 3572 his

758 3606 1091 3676 versibus:

963 3776 1191 3875 μηδὲν
1225 3778 1338 3852 ἔοι
1373 3773 1468 3853 τό
1495 3774 1808 3872 μεταξύ·
1870 3777 2380 3876 Σεμιράμιδος
2411 3773 2552 3875 γοῖρ
2587 3783 2817 3854 ἐκεῖνο

1089 3885 1324 3972 τεῖχος
1354 3883 1520 3975 ἐμοὶ
1548 3886 1781 3958 δοκέει
1809 3877 2077 3958 λεπτόν
2104 3880 2412 3979 ὕφασμα
2445 3883 2680 3956 σέθεν.

756 4050 965 4119 Hunc
988 4072 1254 4121 murum
1279 4051 1755 4141 Semiramidis,
1801 4078 2006 4146 quem
2030 4056 2175 4124 iure
2204 4053 2652 4141 Ruhnkenius
2669 4055 2740 4122 in
2771 4055 2961 4147 epist.

760 4154 904 4226 crit.
930 4153 981 4223 1.
1012 4178 1085 4247 p.
1119 4153 1291 4228 132
1336 4152 1532 4248 (75.)
1586 4171 1661 4227 ut
1690 4156 2048 4228 ridiculum
2086 4168 2156 4227 et
2181 4159 2513 4252 puerilem
2541 4159 2962 4250 vituperavit,

758 4280 844 4326 ex
875 4255 981 4326 his
1009 4259 1273 4349 Synesii
1305 4282 1416 4351 ep.
1446 4260 1516 4328 4.
1569 4271 1926 4354 acceptum
1954 4285 2100 4331 esse
2137 4263 2391 4331 monuit
2428 4263 2776 4355 Toupius:
2831 4259 2960 4335 ὅν-

755 4388 872 4442 τες
905 4356 1252 4453 ἐπιβάται
1285 4367 1487 4437 πλεῖν
1518 4360 1565 4459 ἢ
1596 4358 2070 4463 πεντήκοντα,
2131 4358 2616 4463 τριτημόριόν
2639 4389 2783 4437 που
2814 4356 2957 4457 μά·-

753 4467 968 4536 λιστα
1013 4471 1372 4557 γυναῖκες,
1427 4473 1508 4540 αἱ
1554 4468 1838 4550 πλείους
1878 4471 2038 4543 νέαι
2079 4495 2201 4542 και
2244 4465 2527 4562 ἁγαθαὶ
2567 4495 2699 4550 τας
2735 4466 2953 4563 ὄψεις·
