3259 5275
1744 171 1812 227 ie

869 449 1816 524 nlssER'tATIO.
2321 456 2453 526 257

254 640 395 711 dice
436 641 849 733 cogitarunt,
903 663 1025 709 cur
1068 662 1204 710 non
1258 637 1599 727 dixerunt,
1653 624 2250 732 comprehendisse
2292 666 2447 714 eum

252 767 469 814 omnoe
497 746 699 814 totius
724 745 1034 838 trilogiae
1064 766 1416 836 personas,
1467 744 2051 835 praemissumque
2079 745 2285 815 fuisse
2300 749 2452 839 pri·

249 871 389 916 mae
418 848 847 941 tragoediae:
897 847 1076 934 inde,
1116 869 1325 938 quum
1351 849 1720 939 separatim
1749 847 2247 918 describeretur
2269 850 2449 919 Pro-

246 950 539 1020 metheus
570 952 849 1021 Vinctus
863 999 885 1036 ‚
938 951 1389 1044 negligentius
1431 952 1796 1043 repetitum
1834 974 1984 1020 esse
2000 999 2024 1035 ‚
2074 974 2211 1020 non
2254 952 2448 1022 dele-

246 1054 321 1124 tis
360 1055 704 1141 omnibm,
771 1078 946 1144 quae
993 1053 1364 1123 omittenda
1409 1053 1727 1141 fuissent,
1796 1055 2228 1124 nominibus?
2302 1056 2449 1126 Sed

246 1167 466 1249 patere
496 1158 808 1247 arbitror,
861 1157 997 1226 hoc
1027 1179 1301 1247 quoque
1335 1179 1539 1248 quam
1577 1157 1799 1250 exigui
1831 1180 1914 1226 ac
1941 1159 2168 1250 potius
2200 1160 2446 1230 nullius

246 1262 319 1328 sit
339 1260 673 1381 ponderis.
778 1260 931 1329 Alia
966 1262 1181 1329 sciens
1209 1271 1586 1353 praetereo,
1638 1270 1712 1327 ut
1741 1259 1830 1330 de
1864 1262 2108 1351 quibus
2149 1262 2307 1332 alibi
2336 1263 2446 1333 di-

245 1365 457 1432 xerim.
562 1366 809 1454 Neque
841 1387 1013 1456 opus
1058 1374 1197 1451 est,
1252 1386 1425 1453 quae
1462 1372 1829 1453 utcumque
1870 1364 2156 1435 defensa
2197 1389 2328 1458 per
2371 1391 2446 1438 se

246 1466 473 1536 cadere
503 1490 786 1536 necesse
816 1478 951 1554 est,
1000 1467 1241 1536 iterum
1269 1467 1586 1538 refutare.

432 1571 732 1640 Tantum
763 1571 955 1640 abest
980 1571 1216 1663 igitur,
1267 1581 1343 1639 ut
1377 1569 1911 1638 demonstratum
1937 1571 2041 1655 sit,
2091 1580 2228 1639 tres
2264 1572 2443 1640 Pro-

243 1672 529 1742 metheos
571 1697 712 1744 una
746 1674 949 1742 fuisse
989 1674 1261 1766 trilogia
1304 1675 1727 1759 coniunctos»,
1778 1682 1855 1741 ut
1894 1673 1968 1741 id
2001 1674 2110 1742 vel
2153 1675 2442 1743 maxime

244 1776 505 1844 dubium
534 1801 809 1848 manere
834 1776 1160 1848 videatur.
1259 1777 1355 1844 Et
1384 1778 1528 1867 quis
1556 1798 1691 1844 non
1721 1776 2020 1864 miretur,
2074 1777 2260 1867 quod
2287 1779 2441 1848 nul-

241 1879 332 1948 lus
359 1880 645 1973 scriptor
673 1879 1227 1950 Prometheidem
1256 1880 1583 1970 Aeschyli
1610 1879 2056 1948 memoravit?
2086 1881 2357 1949 Etenim
2386 1882 2442 1949 si

241 1983 677 2074 Agamemno,
705 1982 1128 2076 Choephori‚
1151 1982 1561 2051 Eumenides
1589 2005 1838 2051 nomen
1856 1984 2237 2053 habuerunt
2255 1982 2440 2053 Ore-

243 2095 441 2169 steae3
491 2087 721 2156 Edoni
746 2096 994 2172 autem,
1046 2086 1460 2171 Bassarides‚
1509 2086 1846 2172 Neanisci,
1901 2109 2058 2154 cum
2085 2087 2438 2180 Lycurgo,

240 2187 641 2283 Lycurgiae:
696 2191 908 2259 multo
940 2190 1155 2282 magis
1188 2201 1709 2259 consentaneum
1752 2198 1928 2274 erat,
1979 2198 2115 2258 tres
2149 2190 2437 2281 fabulas,

243 2313 398 2381 qnae
435 2316 672 2363 omnes
720 2302 943 2363 essent
973 2294 1361 2363 Promethei
1390 2293 1656 2361 nomine
1698 2292 2097 2385 inscriptae,
2148 2294 2439 2363 Prome-

240 2393 515 2466 theidem
555 2420 707 2466 esse
737 2397 1171 2490 appellatam.
1273 2395 1419 2467 Sed
1454 2417 1614 2463 casu
1646 2395 1898 2463 factum
1925 2395 2193 2476 dicent,
2245 2396 2439 2487 quod

241 2496 389 2568 illud
438 2523 692 2570 nomen
745 2524 881 2569 non
938 2500 1286 2568 invenitur.
1390 2498 1740 2568 Fortasse:
1800 2499 2011 2567 modo
2070 2500 2273 2569 fuerit
2322 2501 2440 2568 illa

240 2600 662 2675 Prometheis.
734 2604 831 2673 At
860 2604 1196 2674 fateantur
1229 2612 1455 2672 tamen
1486 2625 1763 2672 necesse
1796 2612 1914 2688 est,
1977 2603 2030 2672 si
2061 2604 2244 2672 nulla
2287 2603 2437 2690 fuit,

242 2727 359 2775 non
384 2707 759 2778 mirandum
777 2731 947 2793 esse,
979 2707 1163 2798 quod
1196 2732 1282 2777 ne
1315 2729 1564 2776 nomen
1581 2706 1859 2796 quidem
1891 2720 1990 2775 est
2019 2719 2435 2800 usurpatum.

421 2812 713 2882 Accedit
741 2811 947 2885 aliud.
1003 2811 1213 2897 Quod
1232 2810 1548 2904 Hyginus
1567 2810 1831 2902 scripsit
1856 2811 1925 2877 in
1952 2811 2144 2879 Poet.
2162 2814 2431 2880 Astron.

241 2910 316 2985 11.
349 2911 465 2989 15.
495 2940 566 3009 p.
600 2913 779 2984 456.
833 2915 1351 2985 Prometheum
1393 2922 1638 2984 autem
1672 2913 1748 2981 in
1786 2922 2028 2982 monte
2057 2913 2490 3007 Scythiae?

239 3018 497 3087 nomine
528 3019 874 3091 Caucaso
884 3017 1163 3113 ferrea
1189 3027 1458 3088 catena
1489 3016 1761 3085 vinxit:
1794 3039 2002 3109 quem
2029 3017 2438 3111 alligatum

242 3120 335 3188 ad
374 3123 692 3216 triginta
733 3121 970 3193 millia
1010 3145 1371 3193 annorum
1401 3119 1820 3212 Aeschylus
1854 3121 2435 3213 tragoediarum

240 3224 541 3319 scriptor
570 3226 704 3311 ait,
740 3225 813 3293 id
831 3226 921 3311 ad
947 3224 1433 3296 Ptometheum
1456 3223 1827 3317 Igniferum
1851 3223 2193 3315 pertinere
2227 3223 2436 3293 scho-

239 3324 438 3397 liastes
490 3330 581 3398 ad
636 3330 862 3398 Vincti
907 3353 970 3398 v.
1024 3328 1146 3399 94.
1199 3337 1562 3398 monstrat.
1615 3330 1693 3399 ἐν
1734 3352 1873 3418 γαρ
1924 3325 2034 3420 τῷ
2077 3318 2431 3422 πυρφόρῳ

239 3436 409 3524 τρεῖς
436 3427 800 3529 μυριάδας
841 3430 1013 3531 φησὶ
1045 3434 1388 3508 δεδέσθαι
1433 3421 1688 3502 αὐτόν.
1791 3428 2023 3513 Haec,
2076 3430 2132 3498 si
2175 3429 2438 3522 Ignifer

239 3538 378 3620 par's
418 3535 728 3629 trilogiae
765 3534 926 3623 fuit,
978 3545 1216 3627 aperte
1267 3542 1650 3626 repugnant
1688 3531 1809 3615 iis,
1859 3554 2036 3620 quae
2081 3532 2149 3600 in
2190 3532 2432 3601 Vincto

240 3631 381 3703 dicit
416 3638 894 3721 Prometheus,
947 3639 1144 3707 tertia
1187 3637 1453 3707 decima
1492 3634 1845 3704 hominum
1883 3636 2318 3729 generatione
2359 3659 2434 3706 se
2485 3722 2493 3730 .

241 3737 506 3807 solutum
544 3765 584 3809 e
627 3742 904 3810 vinculis
949 3743 1065 3829 iri,
1117 3743 1235 3831 qui
1269 3751 1424 3810 suut
1450 3740 1604 3807 anni
1642 3739 1904 3808 circiter
1939 3738 2429 3832 quadringenti.

240 3837 384 3910 Scio
432 3844 693 3914 duobus
747 3844 968 3915 modis
1012 3845 1347 3914 removeri
1400 3843 1576 3911 hanc
1624 3843 2142 3935 repugnantiam
2185 3865 2430 3934 posse·

240 3961 390 4027 uno,
439 3948 493 4014 si
541 3949 802 4016 finitum
845 3972 1198 4017 numerum
1240 3972 1374 4041 pro
1410 3946 1667 4016 infinito
1715 3946 2127 4014 nominatum
2174 3956 2429 4015 statua-

240 4066 407 4117 mus.
450 4051 652 4119 veluti
683 4052 1158 4147 τριςμυριετῆ
1190 4046 1500 4145 χρόνους
1551 4049 1787 4134 altero,
1842 4071 1899 4116 ει
1923 4048 2248 4119 destinata
2274 4050 2426 4139 qui-

241 4145 382 4216 dem
408 4174 671 4244 poenae
700 4163 1016 4246 putemus
1052 4155 1139 4222 ab
1171 4155 1333 4222 Iove
1370 4153 1642 4246 triginta
1667 4152 1875 4220 millia
1905 4175 2252 4236 annorum,
2307 4151 2432 4221 sed

241 4254 560 4324 remissam
605 4258 960 4326 maximam
996 4259 1135 4327 eius
1187 4257 1383 4349 spatii
1424 4266 1690 4348 partem
1725 4278 1907 4342 esse,
1962 4278 2170 4346 quum
2218 4254 2427 4326 Chiro

244 4349 593 4429 Centaurus
640 4361 710 4429 in
763 4359 1019 4431 Orcum
1072 4361 1258 4429 abire
1307 4360 1672 4429 decresset.
1779 4357 1926 4428 Sed
1976 4370 2201 4427 tamen
2243 4360 2429 4449 prius

242 4453 387 4527 illud
422 4484 558 4531 non
596 4474 696 4533 est
744 4465 1103 4536 credibile:
1161 4464 1479 4534 vidissent
1521 4464 1699 4533 enim
1722 4512 1744 4550 ‚
1794 4462 1915 4551 qui
1959 4461 2283 4555 legebant
2321 4461 2428 4529 fa—

331 4574 562 4651 Hnnnr.
614 4581 747 4658 Or.
786 4583 901 4657 lv.
1943 4581 2014 4649 R
