<?xml version="1.0" encoding="UTF-8"?>
<!DOCTYPE html PUBLIC "-//W3C//DTD XHTML 1.0 Transitional//EN"
    "http://www.w3.org/TR/xhtml1/DTD/xhtml1-transitional.dtd">
<html xmlns="http://www.w3.org/1999/xhtml" xml:lang="en" lang="en">
 <head>
  <title>
</title>
<meta http-equiv="Content-Type" content="text/html;charset=utf-8" />
  <meta name='ocr-system' content='tesseract 3.04.00' />
  <meta name='ocr-capabilities' content='ocr_page ocr_carea ocr_par ocr_line ocrx_word'/>
</head>
<body>
  <div class='ocr_page' id='page_1' title='image "./godofrediherman03fritgoog_0094.png"; bbox 0 0 3259 5275; ppageno 0'>
   <div class='ocr_carea' id='block_1_1' title="bbox 755 473 2319 547">
    <p class='ocr_par' dir='ltr' id='par_1_1' title="bbox 755 473 2319 547">
     <span class='ocr_line' id='line_1_1' title="bbox 755 473 2319 547; baseline 0.005 -11"><span class='ocrx_word' id='word_1_1' title='bbox 755 485 844 547; x_wconf 64' lang='lat' dir='ltr'>m</span> <span class='ocrx_word' id='word_1_2' title='bbox 1443 479 1552 544; x_wconf 88' lang='lat' dir='ltr'>DE</span> <span class='ocrx_word' id='word_1_3' title='bbox 1630 477 2181 542; x_wconf 74' lang='lat' dir='ltr'>PARTIcv1.A</span> <span class='ocrx_word' id='word_1_4' title='bbox 2226 473 2319 543; x_wconf 69' lang='grc' dir='ltr'>ἄν</span> 
     </span>
    </p>
   </div>
   <div class='ocr_carea' id='block_1_2' title="bbox 752 667 2984 1676">
    <p class='ocr_par' dir='ltr' id='par_1_2' title="bbox 752 667 2984 1676">
     <span class='ocr_line' id='line_1_2' title="bbox 764 667 2983 762; baseline -0.003 -18"><span class='ocrx_word' id='word_1_5' title='bbox 764 683 1178 762; x_wconf 80' lang='lat' dir='ltr'>eventurum,</span> <span class='ocrx_word' id='word_1_6' title='bbox 1232 693 1367 739; x_wconf 80' lang='lat' dir='ltr'>nou</span> <span class='ocrx_word' id='word_1_7' title='bbox 1393 668 1743 740; x_wconf 80' lang='lat' dir='ltr'><strong>habebant</strong></span> <span class='ocrx_word' id='word_1_8' title='bbox 1773 671 1975 740; x_wconf 85' lang='lat' dir='ltr'>alium</span> <span class='ocrx_word' id='word_1_9' title='bbox 2005 670 2196 741; x_wconf 81' lang='lat' dir='ltr'>verbi</span> <span class='ocrx_word' id='word_1_10' title='bbox 2232 671 2532 756; x_wconf 90' lang='lat' dir='ltr'>modum,</span> <span class='ocrx_word' id='word_1_11' title='bbox 2582 692 2720 761; x_wconf 88' lang='lat' dir='ltr'>quo</span> <span class='ocrx_word' id='word_1_12' title='bbox 2755 667 2983 740; x_wconf 81' lang='lat' dir='ltr'>futura</span> 
     </span>
     <span class='ocr_line' id='line_1_3' title="bbox 758 774 2983 869; baseline -0.002 -23"><span class='ocrx_word' id='word_1_13' title='bbox 758 777 1162 862; x_wconf 81' lang='lat' dir='ltr'>indicarent,</span> <span class='ocrx_word' id='word_1_14' title='bbox 1213 798 1417 866; x_wconf 89' lang='lat' dir='ltr'>quam</span> <span class='ocrx_word' id='word_1_15' title='bbox 1437 775 1621 843; x_wconf 86' lang='lat' dir='ltr'>hunc</span> <span class='ocrx_word' id='word_1_16' title='bbox 1646 777 1871 869; x_wconf 90' lang='lat' dir='ltr'>ipsum</span> <span class='ocrx_word' id='word_1_17' title='bbox 1896 776 2181 844; x_wconf 88' lang='lat' dir='ltr'>modum</span> <span class='ocrx_word' id='word_1_18' title='bbox 2206 774 2739 843; x_wconf 81' lang='lat' dir='ltr'>deliberativum.</span> <span class='ocrx_word' id='word_1_19' title='bbox 2841 774 2983 842; x_wconf 87' lang='lat' dir='ltr'>Ita-</span> 
     </span>
     <span class='ocr_line' id='line_1_4' title="bbox 764 875 2982 973; baseline -0.003 -23"><span class='ocrx_word' id='word_1_20' title='bbox 764 905 900 973; x_wconf 84' lang='lat' dir='ltr'>que</span> <span class='ocrx_word' id='word_1_21' title='bbox 942 904 1026 949; x_wconf 90' lang='lat' dir='ltr'>eo</span> <span class='ocrx_word' id='word_1_22' title='bbox 1067 889 1220 947; x_wconf 85' lang='lat' dir='ltr'>sunt</span> <span class='ocrx_word' id='word_1_23' title='bbox 1260 881 1399 966; x_wconf 85' lang='lat' dir='ltr'>usi,</span> <span class='ocrx_word' id='word_1_24' title='bbox 1453 879 1674 948; x_wconf 77' lang='lat' dir='ltr'>don&#39;ec</span> <span class='ocrx_word' id='word_1_25' title='bbox 1725 880 1953 949; x_wconf 81' lang='lat' dir='ltr'>futuro</span> <span class='ocrx_word' id='word_1_26' title='bbox 1996 880 2298 963; x_wconf 82' lang='lat' dir='ltr'>invento,</span> <span class='ocrx_word' id='word_1_27' title='bbox 2348 879 2467 947; x_wconf 89' lang='lat' dir='ltr'>ubi</span> <span class='ocrx_word' id='word_1_28' title='bbox 2514 877 2678 967; x_wconf 86' lang='lat' dir='ltr'>quid</span> <span class='ocrx_word' id='word_1_29' title='bbox 2720 875 2982 969; x_wconf 88' lang='lat' dir='ltr'>simpli-</span> 
     </span>
     <span class='ocr_line' id='line_1_5' title="bbox 761 982 2982 1073; baseline -0.002 -20"><span class='ocrx_word' id='word_1_30' title='bbox 761 987 929 1054; x_wconf 85' lang='lat' dir='ltr'>citer</span> <span class='ocrx_word' id='word_1_31' title='bbox 964 985 1263 1052; x_wconf 83' lang='lat' dir='ltr'>futurum</span> <span class='ocrx_word' id='word_1_32' title='bbox 1293 982 1518 1051; x_wconf 84' lang='lat' dir='ltr'>dicere</span> <span class='ocrx_word' id='word_1_33' title='bbox 1564 984 1846 1069; x_wconf 82' lang='lat' dir='ltr'>vellent,</span> <span class='ocrx_word' id='word_1_34' title='bbox 1898 983 2104 1050; x_wconf 81' lang='lat' dir='ltr'>futuri</span> <span class='ocrx_word' id='word_1_35' title='bbox 2134 983 2423 1050; x_wconf 81' lang='lat' dir='ltr'>formam</span> <span class='ocrx_word' id='word_1_36' title='bbox 2459 1003 2785 1073; x_wconf 85' lang='lat' dir='ltr'>usurpare</span> <span class='ocrx_word' id='word_1_37' title='bbox 2817 1003 2982 1049; x_wconf 94' lang='lat' dir='ltr'>coe-</span> 
     </span>
     <span class='ocr_line' id='line_1_6' title="bbox 760 1085 2983 1182; baseline -0.002 -26"><span class='ocrx_word' id='word_1_38' title='bbox 760 1098 1010 1182; x_wconf 84' lang='lat' dir='ltr'>perunt</span> <span class='ocrx_word' id='word_1_39' title='bbox 1024 1141 1045 1177; x_wconf 92' lang='lat'>,</span> <span class='ocrx_word' id='word_1_40' title='bbox 1119 1087 1611 1154; x_wconf 83' lang='lat' dir='ltr'>coniunctivum</span> <span class='ocrx_word' id='word_1_41' title='bbox 1672 1096 1896 1155; x_wconf 85' lang='lat' dir='ltr'>autem</span> <span class='ocrx_word' id='word_1_42' title='bbox 1957 1086 2052 1155; x_wconf 90' lang='lat' dir='ltr'>ibi</span> <span class='ocrx_word' id='word_1_43' title='bbox 2101 1094 2360 1153; x_wconf 86' lang='lat' dir='ltr'>tantum</span> <span class='ocrx_word' id='word_1_44' title='bbox 2416 1094 2797 1172; x_wconf 82' lang='lat' dir='ltr'>servarunt,</span> <span class='ocrx_word' id='word_1_45' title='bbox 2862 1085 2983 1152; x_wconf 87' lang='lat' dir='ltr'>ubi</span> 
     </span>
     <span class='ocr_line' id='line_1_7' title="bbox 760 1187 2982 1280; baseline -0.003 -20"><span class='ocrx_word' id='word_1_46' title='bbox 760 1193 982 1280; x_wconf 89' lang='lat' dir='ltr'>aliqua</span> <span class='ocrx_word' id='word_1_47' title='bbox 1024 1190 1418 1258; x_wconf 74' lang='lat' dir='ltr'>deliberatio</span> <span class='ocrx_word' id='word_1_48' title='bbox 1453 1190 1683 1258; x_wconf 91' lang='lat' dir='ltr'>locum</span> <span class='ocrx_word' id='word_1_49' title='bbox 1713 1191 1970 1259; x_wconf 88' lang='lat' dir='ltr'>habere</span> <span class='ocrx_word' id='word_1_50' title='bbox 2012 1189 2369 1258; x_wconf 80' lang='lat' dir='ltr'>videretur.</span> <span class='ocrx_word' id='word_1_51' title='bbox 2471 1188 2582 1256; x_wconf 91' lang='lat' dir='ltr'>Ea</span> <span class='ocrx_word' id='word_1_52' title='bbox 2616 1209 2782 1268; x_wconf 81' lang='lat' dir='ltr'>vero</span> <span class='ocrx_word' id='word_1_53' title='bbox 2821 1187 2982 1255; x_wconf 85' lang='lat' dir='ltr'>illuc</span> 
     </span>
     <span class='ocr_line' id='line_1_8' title="bbox 757 1290 2984 1386; baseline -0.002 -23"><span class='ocrx_word' id='word_1_54' title='bbox 757 1295 972 1384; x_wconf 85' lang='lat' dir='ltr'>redit,</span> <span class='ocrx_word' id='word_1_55' title='bbox 1022 1303 1098 1362; x_wconf 89' lang='lat' dir='ltr'>ut</span> <span class='ocrx_word' id='word_1_56' title='bbox 1129 1307 1258 1386; x_wconf 85' lang='lat' dir='ltr'>per</span> <span class='ocrx_word' id='word_1_57' title='bbox 1305 1294 1802 1363; x_wconf 76' lang='lat' dir='ltr'>coniunctimm</span> <span class='ocrx_word' id='word_1_58' title='bbox 1835 1294 2216 1363; x_wconf 88' lang='lat' dir='ltr'>coniectura</span> <span class='ocrx_word' id='word_1_59' title='bbox 2241 1294 2466 1382; x_wconf 86' lang='lat' dir='ltr'>aliqua</span> <span class='ocrx_word' id='word_1_60' title='bbox 2497 1292 2586 1361; x_wconf 91' lang='lat' dir='ltr'>de</span> <span class='ocrx_word' id='word_1_61' title='bbox 2620 1314 2742 1378; x_wconf 90' lang='lat' dir='ltr'>eo,</span> <span class='ocrx_word' id='word_1_62' title='bbox 2793 1290 2984 1381; x_wconf 87' lang='lat' dir='ltr'>quod</span> 
     </span>
     <span class='ocr_line' id='line_1_9' title="bbox 758 1394 2981 1481; baseline -0.002 -15"><span class='ocrx_word' id='word_1_63' title='bbox 758 1398 1007 1467; x_wconf 87' lang='lat' dir='ltr'>debeat</span> <span class='ocrx_word' id='word_1_64' title='bbox 1043 1398 1225 1481; x_wconf 88' lang='lat' dir='ltr'>fieri,</span> <span class='ocrx_word' id='word_1_65' title='bbox 1275 1396 1627 1465; x_wconf 85' lang='lat' dir='ltr'>indicetur.</span> <span class='ocrx_word' id='word_1_66' title='bbox 1730 1397 1928 1466; x_wconf 89' lang='lat' dir='ltr'>Vnde</span> <span class='ocrx_word' id='word_1_67' title='bbox 1962 1398 2110 1466; x_wconf 87' lang='lat' dir='ltr'>fere</span> <span class='ocrx_word' id='word_1_68' title='bbox 2160 1396 2567 1466; x_wconf 78' lang='lat' dir='ltr'>Germanice</span> <span class='ocrx_word' id='word_1_69' title='bbox 2602 1395 2728 1464; x_wconf 72' lang='lat' dir='ltr'>ista</span> <span class='ocrx_word' id='word_1_70' title='bbox 2764 1394 2981 1463; x_wconf 83' lang='lat' dir='ltr'>verbo</span> 
     </span>
     <span class='ocr_line' id='line_1_10' title="bbox 756 1498 2981 1611; baseline -0.002 -41"><span class='ocrx_word' id='word_1_71' title='bbox 756 1501 990 1571; x_wconf 73' lang='lat' dir='ltr'>sollen</span> <span class='ocrx_word' id='word_1_72' title='bbox 1021 1501 1179 1570; x_wconf 88' lang='lat' dir='ltr'>licet</span> <span class='ocrx_word' id='word_1_73' title='bbox 1219 1502 1616 1592; x_wconf 84' lang='lat' dir='ltr'>exprimere.</span> <span class='ocrx_word' id='word_1_74' title='bbox 1721 1500 2116 1611; x_wconf 79' lang='lat' dir='ltr'>Cuiusmodi</span> <span class='ocrx_word' id='word_1_75' title='bbox 2149 1500 2318 1571; x_wconf 87' lang='lat' dir='ltr'>nihil</span> <span class='ocrx_word' id='word_1_76' title='bbox 2345 1501 2519 1569; x_wconf 76' lang='lat' dir='ltr'>inest</span> <span class='ocrx_word' id='word_1_77' title='bbox 2554 1500 2625 1567; x_wconf 90' lang='lat' dir='ltr'>iu</span> <span class='ocrx_word' id='word_1_78' title='bbox 2667 1499 2821 1592; x_wconf 89' lang='lat' dir='ltr'>ipso</span> <span class='ocrx_word' id='word_1_79' title='bbox 2865 1498 2981 1566; x_wconf 81' lang='lat' dir='ltr'>fu—</span> 
     </span>
     <span class='ocr_line' id='line_1_11' title="bbox 752 1601 1660 1676; baseline -0.006 -1"><span class='ocrx_word' id='word_1_80' title='bbox 752 1614 927 1675; x_wconf 81' lang='lat' dir='ltr'>turo.</span> <span class='ocrx_word' id='word_1_81' title='bbox 1031 1605 1134 1672; x_wconf 79' lang='lat' dir='ltr'>Ita</span> <span class='ocrx_word' id='word_1_82' title='bbox 1165 1604 1354 1671; x_wconf 88' lang='lat' dir='ltr'>Iliad.</span> <span class='ocrx_word' id='word_1_83' title='bbox 1386 1632 1455 1676; x_wconf 88' lang='grc' dir='ltr'>α.</span> <span class='ocrx_word' id='word_1_84' title='bbox 1488 1601 1660 1673; x_wconf 77' lang='grc'><strong>262.</strong></span> 
     </span>
    </p>
   </div>
   <div class='ocr_carea' id='block_1_3' title="bbox 961 1736 2792 1839">
    <p class='ocr_par' dir='ltr' id='par_1_3' title="bbox 961 1736 2792 1839">
     <span class='ocr_line' id='line_1_12' title="bbox 961 1736 2792 1839; baseline -0.003 -23"><span class='ocrx_word' id='word_1_85' title='bbox 961 1769 1049 1816; x_wconf 91' lang='grc' dir='ltr'>ου</span> <span class='ocrx_word' id='word_1_86' title='bbox 1104 1738 1243 1837; x_wconf 68' lang='grc' dir='ltr'>γάρ</span> <span class='ocrx_word' id='word_1_87' title='bbox 1294 1767 1403 1813; x_wconf 86' lang='grc' dir='ltr'>πω</span> <span class='ocrx_word' id='word_1_88' title='bbox 1456 1739 1706 1823; x_wconf 79' lang='grc' dir='ltr'><strong><em>τοίους</em></strong></span> <span class='ocrx_word' id='word_1_89' title='bbox 1756 1743 1914 1817; x_wconf 75' lang='grc' dir='ltr'><strong><em>ἴδον</em></strong></span> <span class='ocrx_word' id='word_1_90' title='bbox 1966 1737 2228 1839; x_wconf 72' lang='grc' dir='ltr'><strong><em>ἀνέρας</em></strong></span> <span class='ocrx_word' id='word_1_91' title='bbox 2281 1736 2449 1815; x_wconf 70' lang='grc' dir='ltr'>οὐδὲ</span> <span class='ocrx_word' id='word_1_92' title='bbox 2502 1741 2792 1833; x_wconf 82' lang='grc' dir='ltr'><strong><em>ἴδωμαι.</em></strong></span> 
     </span>
    </p>
   </div>
   <div class='ocr_carea' id='block_1_4' title="bbox 750 1875 3000 2386">
    <p class='ocr_par' dir='ltr' id='par_1_4' title="bbox 750 1875 3000 2386">
     <span class='ocr_line' id='line_1_13' title="bbox 754 1875 2982 1974; baseline -0.002 -25"><span class='ocrx_word' id='word_1_93' title='bbox 754 1878 830 1949; x_wconf 84' lang='lat' dir='ltr'>Si</span> <span class='ocrx_word' id='word_1_94' title='bbox 861 1877 1151 1974; x_wconf 82' lang='grc' dir='ltr'>ὄψομαι</span> <span class='ocrx_word' id='word_1_95' title='bbox 1180 1878 1490 1968; x_wconf 83' lang='lat' dir='ltr'>dixisset,</span> <span class='ocrx_word' id='word_1_96' title='bbox 1542 1901 1689 1946; x_wconf 90' lang='lat' dir='ltr'>rem</span> <span class='ocrx_word' id='word_1_97' title='bbox 1723 1889 1977 1948; x_wconf 88' lang='lat' dir='ltr'>certam</span> <span class='ocrx_word' id='word_1_98' title='bbox 2002 1902 2146 1949; x_wconf 87' lang='lat' dir='ltr'>esse</span> <span class='ocrx_word' id='word_1_99' title='bbox 2173 1880 2553 1972; x_wconf 82' lang='lat' dir='ltr'>indicasset,</span> <span class='ocrx_word' id='word_1_100' title='bbox 2601 1899 2747 1947; x_wconf 76' lang='lat' dir='ltr'>non</span> <span class='ocrx_word' id='word_1_101' title='bbox 2773 1875 2982 1946; x_wconf 72' lang='lat' dir='ltr'>vide-</span> 
     </span>
     <span class='ocr_line' id='line_1_14' title="bbox 754 1980 2982 2078; baseline -0.002 -25"><span class='ocrx_word' id='word_1_102' title='bbox 754 1981 892 2065; x_wconf 79' lang='lat' dir='ltr'>bo,</span> <span class='ocrx_word' id='word_1_103' title='bbox 942 1983 996 2051; x_wconf 91' lang='lat' dir='ltr'>si</span> <span class='ocrx_word' id='word_1_104' title='bbox 1046 1980 1366 2078; x_wconf 80' lang='grc' dir='ltr'><strong><em>ι’δοίμηυ,</em></strong></span> <span class='ocrx_word' id='word_1_105' title='bbox 1418 1982 1833 2073; x_wconf 81' lang='lat' dir='ltr'>prodidisset</span> <span class='ocrx_word' id='word_1_106' title='bbox 1881 1983 2265 2077; x_wconf 87' lang='lat' dir='ltr'>opinionem</span> <span class='ocrx_word' id='word_1_107' title='bbox 2290 2006 2518 2070; x_wconf 88' lang='lat' dir='ltr'>suam,</span> <span class='ocrx_word' id='word_1_108' title='bbox 2581 2004 2759 2068; x_wconf 81' lang='lat' dir='ltr'>non,</span> <span class='ocrx_word' id='word_1_109' title='bbox 2820 1980 2982 2074; x_wconf 70' lang='lat' dir='ltr'>opi-</span> 
     </span>
     <span class='ocr_line' id='line_1_15' title="bbox 750 2080 3000 2177; baseline -0.001 -22"><span class='ocrx_word' id='word_1_110' title='bbox 750 2108 929 2173; x_wconf 77' lang='lat' dir='ltr'>nor,</span> <span class='ocrx_word' id='word_1_111' title='bbox 977 2086 1291 2155; x_wconf 73' lang='lat' dir='ltr'>videam.</span> <span class='ocrx_word' id='word_1_112' title='bbox 1395 2086 1595 2156; x_wconf 90' lang='lat' dir='ltr'>Nunc</span> <span class='ocrx_word' id='word_1_113' title='bbox 1646 2088 2065 2156; x_wconf 86' lang='lat' dir='ltr'>coniunctivo</span> <span class='ocrx_word' id='word_1_114' title='bbox 2116 2107 2309 2171; x_wconf 87' lang='lat' dir='ltr'>usus,</span> <span class='ocrx_word' id='word_1_115' title='bbox 2361 2109 2497 2155; x_wconf 90' lang='lat' dir='ltr'>non</span> <span class='ocrx_word' id='word_1_116' title='bbox 2546 2109 2693 2154; x_wconf 89' lang='lat' dir='ltr'>esse</span> <span class='ocrx_word' id='word_1_117' title='bbox 2729 2084 2981 2177; x_wconf 80' lang='lat' dir='ltr'>signifi·</span> <span class='ocrx_word' id='word_1_118' title='bbox 2985 2080 3000 2088; x_wconf 71' lang='grc'><em>“</em></span> 
     </span>
     <span class='ocr_line' id='line_1_16' title="bbox 752 2187 2981 2280; baseline -0.001 -22"><span class='ocrx_word' id='word_1_119' title='bbox 752 2198 901 2280; x_wconf 88' lang='lat' dir='ltr'>cat,</span> <span class='ocrx_word' id='word_1_120' title='bbox 961 2197 1039 2257; x_wconf 87' lang='lat' dir='ltr'>ut</span> <span class='ocrx_word' id='word_1_121' title='bbox 1083 2190 1342 2258; x_wconf 85' lang='lat' dir='ltr'>visurus</span> <span class='ocrx_word' id='word_1_122' title='bbox 1379 2189 1494 2275; x_wconf 88' lang='lat' dir='ltr'>sit,</span> <span class='ocrx_word' id='word_1_123' title='bbox 1560 2189 1602 2260; x_wconf 88' lang='lat' dir='ltr'>i.</span> <span class='ocrx_word' id='word_1_124' title='bbox 1650 2214 1709 2260; x_wconf 91' lang='lat' dir='ltr'>e.</span> <span class='ocrx_word' id='word_1_125' title='bbox 1752 2213 1899 2259; x_wconf 78' lang='lat' dir='ltr'>non</span> <span class='ocrx_word' id='word_1_126' title='bbox 1945 2188 2171 2260; x_wconf 81' lang='lat' dir='ltr'>debeo</span> <span class='ocrx_word' id='word_1_127' title='bbox 2209 2187 2518 2275; x_wconf 64' lang='lat' dir='ltr'>videre,</span> <span class='ocrx_word' id='word_1_128' title='bbox 2562 2189 2701 2257; x_wconf 82' lang='lat' dir='ltr'>sive</span> <span class='ocrx_word' id='word_1_129' title='bbox 2745 2187 2981 2274; x_wconf 78' lang='lat' dir='ltr'>mavis,</span> 
     </span>
     <span class='ocr_line' id='line_1_17' title="bbox 750 2290 2980 2386; baseline -0.001 -24"><span class='ocrx_word' id='word_1_130' title='bbox 750 2316 898 2362; x_wconf 78' lang='lat' dir='ltr'>non</span> <span class='ocrx_word' id='word_1_131' title='bbox 944 2293 1291 2386; x_wconf 79' lang='lat' dir='ltr'>reperiar</span> <span class='ocrx_word' id='word_1_132' title='bbox 1341 2291 1614 2363; x_wconf 80' lang='lat' dir='ltr'>videre.</span> <span class='ocrx_word' id='word_1_133' title='bbox 1714 2295 1860 2362; x_wconf 94' lang='lat' dir='ltr'>Nos</span> <span class='ocrx_word' id='word_1_134' title='bbox 1901 2295 1974 2362; x_wconf 90' lang='lat' dir='ltr'>id</span> <span class='ocrx_word' id='word_1_135' title='bbox 2018 2292 2528 2363; x_wconf 86' lang='lat' dir='ltr'>accommodate</span> <span class='ocrx_word' id='word_1_136' title='bbox 2575 2291 2665 2360; x_wconf 93' lang='lat' dir='ltr'>ad</span> <span class='ocrx_word' id='word_1_137' title='bbox 2709 2290 2980 2360; x_wconf 85' lang='lat' dir='ltr'>Graeca</span> 
     </span>
    </p>
   </div>
   <div class='ocr_carea' id='block_1_5' title="bbox 750 2394 2980 2600">
    <p class='ocr_par' dir='ltr' id='par_1_5' title="bbox 750 2394 2980 2600">
     <span class='ocr_line' id='line_1_18' title="bbox 751 2394 2980 2491; baseline -0 -27"><span class='ocrx_word' id='word_1_138' title='bbox 751 2397 1073 2482; x_wconf 73' lang='lat' dir='ltr'>dicemuS,</span> <span class='ocrx_word' id='word_1_139' title='bbox 1100 2394 1289 2464; x_wconf 78' lang='lat' dir='ltr'>noch</span> <span class='ocrx_word' id='word_1_140' title='bbox 1309 2395 1452 2464; x_wconf 81' lang='lat' dir='ltr'>soll</span> <span class='ocrx_word' id='word_1_141' title='bbox 1472 2395 1591 2465; x_wconf 75' lang='lat' dir='ltr'>ich</span> <span class='ocrx_word' id='word_1_142' title='bbox 1612 2394 1718 2463; x_wconf 75' lang='lat' dir='ltr'>sie</span> <span class='ocrx_word' id='word_1_143' title='bbox 1731 2397 1988 2466; x_wconf 72' lang='lat' dir='ltr'>seben:</span> <span class='ocrx_word' id='word_1_144' title='bbox 2040 2420 2177 2487; x_wconf 91' lang='lat' dir='ltr'>quo</span> <span class='ocrx_word' id='word_1_145' title='bbox 2197 2398 2673 2491; x_wconf 77' lang='lat' dir='ltr'>significamuS,</span> <span class='ocrx_word' id='word_1_146' title='bbox 2699 2417 2835 2463; x_wconf 87' lang='lat' dir='ltr'>non</span> <span class='ocrx_word' id='word_1_147' title='bbox 2854 2416 2980 2463; x_wconf 81' lang='lat' dir='ltr'>ex-</span> 
     </span>
     <span class='ocr_line' id='line_1_19' title="bbox 750 2493 2977 2600; baseline -0.002 -31"><span class='ocrx_word' id='word_1_148' title='bbox 750 2498 1197 2592; x_wconf 87' lang='lat' dir='ltr'>spectandum</span> <span class='ocrx_word' id='word_1_149' title='bbox 1216 2498 1287 2567; x_wconf 75' lang='lat' dir='ltr'>ud</span> <span class='ocrx_word' id='word_1_150' title='bbox 1315 2493 2977 2600; x_wconf 55' lang='grc' dir='ltr'>οεεο.115αά424159.(479.η.87.οι1.ζ.275.)</span> 
     </span>
    </p>
   </div>
   <div class='ocr_carea' id='block_1_6' title="bbox 953 2633 1773 2734">
    <p class='ocr_par' dir='ltr' id='par_1_6' title="bbox 953 2633 1773 2734">
     <span class='ocr_line' id='line_1_20' title="bbox 953 2633 1773 2734; baseline 0.004 -26"><span class='ocrx_word' id='word_1_151' title='bbox 953 2633 1078 2708; x_wconf 69' lang='grc' dir='ltr'>καί</span> <span class='ocrx_word' id='word_1_152' title='bbox 1125 2638 1313 2710; x_wconf 78' lang='grc' dir='ltr'><strong><em>ποτέ</em></strong></span> <span class='ocrx_word' id='word_1_153' title='bbox 1356 2641 1471 2719; x_wconf 66' lang='grc' dir='ltr'>τίς</span> <span class='ocrx_word' id='word_1_154' title='bbox 1512 2638 1773 2734; x_wconf 76' lang='grc' dir='ltr'>εἴπῃσι.</span> 
     </span>
    </p>
   </div>
   <div class='ocr_carea' id='block_1_7' title="bbox 747 2772 2977 3077">
    <p class='ocr_par' dir='ltr' id='par_1_7' title="bbox 747 2772 2977 3077">
     <span class='ocr_line' id='line_1_21' title="bbox 747 2772 2977 2873; baseline 0 -31"><span class='ocrx_word' id='word_1_155' title='bbox 747 2774 907 2842; x_wconf 87' lang='lat' dir='ltr'>Non</span> <span class='ocrx_word' id='word_1_156' title='bbox 967 2772 1161 2842; x_wconf 76' lang='lat' dir='ltr'>dicet</span> <span class='ocrx_word' id='word_1_157' title='bbox 1212 2774 1516 2867; x_wconf 72' lang='lat' dir='ltr'>aliquis,</span> <span class='ocrx_word' id='word_1_158' title='bbox 1581 2798 1806 2864; x_wconf 89' lang='lat' dir='ltr'>neque</span> <span class='ocrx_word' id='word_1_159' title='bbox 1850 2775 2062 2846; x_wconf 75' lang='lat' dir='ltr'>dicat</span> <span class='ocrx_word' id='word_1_160' title='bbox 2095 2774 2411 2873; x_wconf 70' lang='lat' dir='ltr'>opinor,</span> <span class='ocrx_word' id='word_1_161' title='bbox 2462 2783 2539 2844; x_wconf 87' lang='lat' dir='ltr'>ut</span> <span class='ocrx_word' id='word_1_162' title='bbox 2580 2776 2635 2844; x_wconf 89' lang='lat' dir='ltr'>si</span> <span class='ocrx_word' id='word_1_163' title='bbox 2674 2779 2829 2872; x_wconf 77' lang='grc' dir='ltr'><strong><em>ἐρεῖ</em></strong></span> <span class='ocrx_word' id='word_1_164' title='bbox 2866 2775 2977 2844; x_wconf 81' lang='lat' dir='ltr'>vel</span> 
     </span>
     <span class='ocr_line' id='line_1_22' title="bbox 750 2876 2976 2974; baseline 0 -26"><span class='ocrx_word' id='word_1_165' title='bbox 750 2878 945 2949; x_wconf 80' lang='grc' dir='ltr'>εἴποι</span> <span class='ocrx_word' id='word_1_166' title='bbox 999 2876 1307 2959; x_wconf 81' lang='lat' dir='ltr'>dixisset,</span> <span class='ocrx_word' id='word_1_167' title='bbox 1362 2877 1521 2963; x_wconf 81' lang='lat' dir='ltr'>sed,</span> <span class='ocrx_word' id='word_1_168' title='bbox 1575 2880 2152 2974; x_wconf 79' lang='lat' dir='ltr'>exspectandum</span> <span class='ocrx_word' id='word_1_169' title='bbox 2195 2889 2343 2967; x_wconf 84' lang='lat' dir='ltr'>est,</span> <span class='ocrx_word' id='word_1_170' title='bbox 2394 2888 2477 2949; x_wconf 78' lang='lat' dir='ltr'>ut</span> <span class='ocrx_word' id='word_1_171' title='bbox 2523 2879 2685 2972; x_wconf 75' lang='lat' dir='ltr'>quis</span> <span class='ocrx_word' id='word_1_172' title='bbox 2728 2878 2976 2949; x_wconf 74' lang='lat' dir='ltr'>dicat:</span> 
     </span>
     <span class='ocr_line' id='line_1_23' title="bbox 748 2980 2433 3077; baseline 0.001 -28"><span class='ocrx_word' id='word_1_173' title='bbox 748 2980 857 3050; x_wconf 82' lang='lat' dir='ltr'>da</span> <span class='ocrx_word' id='word_1_174' title='bbox 885 2981 1030 3057; x_wconf 72' lang='lat' dir='ltr'>soll</span> <span class='ocrx_word' id='word_1_175' title='bbox 1052 2981 1246 3050; x_wconf 81' lang='lat' dir='ltr'>wohl</span> <span class='ocrx_word' id='word_1_176' title='bbox 1276 2981 1476 3051; x_wconf 77' lang='lat' dir='ltr'>einer</span> <span class='ocrx_word' id='word_1_177' title='bbox 1499 3005 1767 3077; x_wconf 75' lang='lat' dir='ltr'>sagen.</span> <span class='ocrx_word' id='word_1_178' title='bbox 1873 2983 2127 3076; x_wconf 78' lang='lat' dir='ltr'>Odyss.</span> <span class='ocrx_word' id='word_1_179' title='bbox 2156 3011 2228 3056; x_wconf 88' lang='grc' dir='ltr'>π.</span> <span class='ocrx_word' id='word_1_180' title='bbox 2259 2982 2433 3052; x_wconf 79' lang='grc'><strong>437.</strong></span> 
     </span>
    </p>
   </div>
   <div class='ocr_carea' id='block_1_8' title="bbox 736 3114 2976 3966">
    <p class='ocr_par' dir='ltr' id='par_1_8' title="bbox 951 3114 2920 3219">
     <span class='ocr_line' id='line_1_24' title="bbox 951 3114 2920 3219; baseline -0.002 -27"><span class='ocrx_word' id='word_1_181' title='bbox 951 3114 1083 3193; x_wconf 79' lang='grc' dir='ltr'>ουίι</span> <span class='ocrx_word' id='word_1_182' title='bbox 1114 3114 1284 3194; x_wconf 76' lang='grc' dir='ltr'>ἔσθ’</span> <span class='ocrx_word' id='word_1_183' title='bbox 1314 3116 1532 3203; x_wconf 80' lang='grc' dir='ltr'><strong><em>οὗτος</em></strong></span> <span class='ocrx_word' id='word_1_184' title='bbox 1562 3114 1779 3219; x_wconf 81' lang='grc' dir='ltr'><strong><em>αὐῆρ,</em></strong></span> <span class='ocrx_word' id='word_1_185' title='bbox 1833 3116 1999 3195; x_wconf 77' lang='grc' dir='ltr'>οὐδ’</span> <span class='ocrx_word' id='word_1_186' title='bbox 2029 3122 2349 3209; x_wconf 77' lang='grc' dir='ltr'>ἔσσεται,</span> <span class='ocrx_word' id='word_1_187' title='bbox 2407 3114 2579 3193; x_wconf 72' lang='grc' dir='ltr'>οὐδὲ</span> <span class='ocrx_word' id='word_1_188' title='bbox 2606 3119 2920 3216; x_wconf 75' lang='grc' dir='ltr'>γένηται.</span> 
     </span>
    </p>

    <p class='ocr_par' dir='ltr' id='par_1_9' title="bbox 736 3251 2976 3966">
     <span class='ocr_line' id='line_1_25' title="bbox 752 3251 2976 3352; baseline 0.001 -30"><span class='ocrx_word' id='word_1_189' title='bbox 752 3251 922 3323; x_wconf 81' lang='lat' dir='ltr'>Non</span> <span class='ocrx_word' id='word_1_190' title='bbox 965 3266 1114 3345; x_wconf 80' lang='lat' dir='ltr'>est,</span> <span class='ocrx_word' id='word_1_191' title='bbox 1167 3281 1398 3351; x_wconf 78' lang='lat' dir='ltr'>neque</span> <span class='ocrx_word' id='word_1_192' title='bbox 1444 3258 1623 3344; x_wconf 76' lang='lat' dir='ltr'>erit,</span> <span class='ocrx_word' id='word_1_193' title='bbox 1674 3259 1908 3352; x_wconf 72' lang='lat' dir='ltr'>neque</span> <span class='ocrx_word' id='word_1_194' title='bbox 1924 3256 2176 3352; x_wconf 69' lang='lat' dir='ltr'>finisse</span> <span class='ocrx_word' id='word_1_195' title='bbox 2222 3256 2683 3351; x_wconf 73' lang='lat' dir='ltr'>reperiatur.-</span> <span class='ocrx_word' id='word_1_196' title='bbox 2747 3277 2830 3326; x_wconf 77' lang='lat' dir='ltr'>es</span> <span class='ocrx_word' id='word_1_197' title='bbox 2875 3254 2976 3325; x_wconf 74' lang='lat' dir='ltr'>ist</span> 
     </span>
     <span class='ocr_line' id='line_1_26' title="bbox 743 3356 2975 3455; baseline 0 -28"><span class='ocrx_word' id='word_1_198' title='bbox 743 3356 1026 3445; x_wconf 73' lang='lat' dir='ltr'>keiner,</span> <span class='ocrx_word' id='word_1_199' title='bbox 1095 3362 1287 3431; x_wconf 78' lang='lat' dir='ltr'>noch</span> <span class='ocrx_word' id='word_1_200' title='bbox 1325 3363 1531 3433; x_wconf 76' lang='lat' dir='ltr'>wird.</span> <span class='ocrx_word' id='word_1_201' title='bbox 1564 3363 1768 3433; x_wconf 73' lang='lat' dir='ltr'>einer</span> <span class='ocrx_word' id='word_1_202' title='bbox 1811 3385 2036 3455; x_wconf 62' lang='lat' dir='ltr'>scyra,</span> <span class='ocrx_word' id='word_1_203' title='bbox 2107 3362 2300 3431; x_wconf 78' lang='lat' dir='ltr'>noch</span> <span class='ocrx_word' id='word_1_204' title='bbox 2339 3361 2484 3432; x_wconf 82' lang='lat' dir='ltr'>soll</span> <span class='ocrx_word' id='word_1_205' title='bbox 2528 3360 2724 3430; x_wconf 81' lang='lat' dir='ltr'>wohl</span> <span class='ocrx_word' id='word_1_206' title='bbox 2769 3358 2975 3428; x_wconf 73' lang='lat' dir='ltr'>einer</span> 
     </span>
     <span class='ocr_line' id='line_1_27' title="bbox 741 3462 2971 3559; baseline -0.001 -27"><span class='ocrx_word' id='word_1_207' title='bbox 741 3484 1079 3555; x_wconf 81' lang='lat' dir='ltr'>gewesen</span> <span class='ocrx_word' id='word_1_208' title='bbox 1109 3488 1308 3557; x_wconf 73' lang='lat' dir='ltr'>seyn.</span> <span class='ocrx_word' id='word_1_209' title='bbox 1411 3468 1592 3535; x_wconf 89' lang='lat' dir='ltr'>Nam</span> <span class='ocrx_word' id='word_1_210' title='bbox 1617 3467 1672 3535; x_wconf 89' lang='lat' dir='ltr'>si</span> <span class='ocrx_word' id='word_1_211' title='bbox 1711 3466 2103 3559; x_wconf 82' lang='lat' dir='ltr'>explicatius</span> <span class='ocrx_word' id='word_1_212' title='bbox 2133 3467 2269 3533; x_wconf 83' lang='lat' dir='ltr'>vim</span> <span class='ocrx_word' id='word_1_213' title='bbox 2297 3464 2703 3534; x_wconf 84' lang='lat' dir='ltr'>coniunctivi</span> <span class='ocrx_word' id='word_1_214' title='bbox 2734 3462 2971 3531; x_wconf 87' lang='lat' dir='ltr'>decla-</span> 
     </span>
     <span class='ocr_line' id='line_1_28' title="bbox 740 3566 2973 3661; baseline 0.001 -28"><span class='ocrx_word' id='word_1_215' title='bbox 740 3567 877 3633; x_wconf 86' lang='lat' dir='ltr'>rari</span> <span class='ocrx_word' id='word_1_216' title='bbox 913 3568 1139 3655; x_wconf 81' lang='lat' dir='ltr'>voles,</span> <span class='ocrx_word' id='word_1_217' title='bbox 1191 3567 1363 3637; x_wconf 89' lang='lat' dir='ltr'>haec</span> <span class='ocrx_word' id='word_1_218' title='bbox 1415 3571 1580 3660; x_wconf 89' lang='lat' dir='ltr'>erit,</span> <span class='ocrx_word' id='word_1_219' title='bbox 1633 3593 1769 3639; x_wconf 89' lang='lat' dir='ltr'>non</span> <span class='ocrx_word' id='word_1_220' title='bbox 1813 3592 1961 3639; x_wconf 88' lang='lat' dir='ltr'>esse</span> <span class='ocrx_word' id='word_1_221' title='bbox 2005 3568 2571 3661; x_wconf 80' lang='lat' dir='ltr'>exspectandum,</span> <span class='ocrx_word' id='word_1_222' title='bbox 2637 3576 2715 3635; x_wconf 83' lang='lat' dir='ltr'>ut</span> <span class='ocrx_word' id='word_1_223' title='bbox 2761 3566 2973 3636; x_wconf 84' lang='lat' dir='ltr'>fnisse</span> 
     </span>
     <span class='ocr_line' id='line_1_29' title="bbox 740 3668 2968 3764; baseline 0.004 -29"><span class='ocrx_word' id='word_1_224' title='bbox 740 3668 1036 3759; x_wconf 88' lang='lat' dir='ltr'>aliquem</span> <span class='ocrx_word' id='word_1_225' title='bbox 1069 3673 1388 3764; x_wconf 85' lang='lat' dir='ltr'>reperias.</span> <span class='ocrx_word' id='word_1_226' title='bbox 1490 3673 1778 3742; x_wconf 89' lang='lat' dir='ltr'>Videtur</span> <span class='ocrx_word' id='word_1_227' title='bbox 1816 3682 2040 3742; x_wconf 84' lang='lat' dir='ltr'>autem</span> <span class='ocrx_word' id='word_1_228' title='bbox 2074 3673 2213 3741; x_wconf 93' lang='lat' dir='ltr'>hoc</span> <span class='ocrx_word' id='word_1_229' title='bbox 2248 3672 2524 3762; x_wconf 83' lang='lat' dir='ltr'>quidem</span> <span class='ocrx_word' id='word_1_230' title='bbox 2557 3672 2627 3740; x_wconf 87' lang='lat' dir='ltr'>in</span> <span class='ocrx_word' id='word_1_231' title='bbox 2654 3671 2812 3738; x_wconf 94' lang='lat' dir='ltr'>loco</span> <span class='ocrx_word' id='word_1_232' title='bbox 2840 3671 2968 3762; x_wconf 73' lang='grc' dir='ltr'>γε’-</span> 
     </span>
     <span class='ocr_line' id='line_1_30' title="bbox 738 3773 2970 3868; baseline -0.001 -24"><span class='ocrx_word' id='word_1_233' title='bbox 738 3799 954 3868; x_wconf 63' lang='grc' dir='ltr'>νηται</span> <span class='ocrx_word' id='word_1_234' title='bbox 991 3775 1085 3843; x_wconf 89' lang='lat' dir='ltr'>sic</span> <span class='ocrx_word' id='word_1_235' title='bbox 1121 3774 1374 3844; x_wconf 88' lang='lat' dir='ltr'>dictum</span> <span class='ocrx_word' id='word_1_236' title='bbox 1401 3798 1547 3845; x_wconf 91' lang='lat' dir='ltr'>esse</span> <span class='ocrx_word' id='word_1_237' title='bbox 1562 3825 1583 3861; x_wconf 92' lang='lat'>,</span> <span class='ocrx_word' id='word_1_238' title='bbox 1637 3786 1712 3844; x_wconf 88' lang='lat' dir='ltr'>ut</span> <span class='ocrx_word' id='word_1_239' title='bbox 1745 3776 2100 3868; x_wconf 89' lang='lat' dir='ltr'>propriam</span> <span class='ocrx_word' id='word_1_240' title='bbox 2144 3777 2369 3845; x_wconf 87' lang='lat' dir='ltr'>aoristi</span> <span class='ocrx_word' id='word_1_241' title='bbox 2407 3773 2970 3868; x_wconf 86' lang='lat' dir='ltr'>significationem</span> 
     </span>
     <span class='ocr_line' id='line_1_31' title="bbox 736 3873 1941 3966; baseline 0.005 -24"><span class='ocrx_word' id='word_1_242' title='bbox 736 3873 1010 3945; x_wconf 86' lang='lat' dir='ltr'>habeat.</span> <span class='ocrx_word' id='word_1_243' title='bbox 1113 3877 1257 3948; x_wconf 89' lang='lat' dir='ltr'>Sed</span> <span class='ocrx_word' id='word_1_244' title='bbox 1284 3879 1352 3948; x_wconf 89' lang='lat' dir='ltr'>in</span> <span class='ocrx_word' id='word_1_245' title='bbox 1379 3878 1485 3948; x_wconf 84' lang='lat' dir='ltr'>his</span> <span class='ocrx_word' id='word_1_246' title='bbox 1513 3879 1653 3953; x_wconf 83' lang='lat' dir='ltr'>od.</span> <span class='ocrx_word' id='word_1_247' title='bbox 1688 3888 1743 3966; x_wconf 78' lang='grc' dir='ltr'>ζ.</span> <span class='ocrx_word' id='word_1_248' title='bbox 1772 3879 1941 3948; x_wconf 82' lang='grc'><strong>201.</strong></span> 
     </span>
    </p>
   </div>
   <div class='ocr_carea' id='block_1_9' title="bbox 733 4007 2903 4456">
    <p class='ocr_par' dir='ltr' id='par_1_10' title="bbox 940 4007 2903 4320">
     <span class='ocr_line' id='line_1_32' title="bbox 942 4007 2903 4111; baseline -0.001 -27"><span class='ocrx_word' id='word_1_249' title='bbox 942 4009 1074 4086; x_wconf 68' lang='grc' dir='ltr'>οὐκ</span> <span class='ocrx_word' id='word_1_250' title='bbox 1104 4012 1277 4089; x_wconf 75' lang='grc' dir='ltr'><strong><em>ἔσθ’</em></strong></span> <span class='ocrx_word' id='word_1_251' title='bbox 1309 4012 1525 4097; x_wconf 81' lang='grc' dir='ltr'><strong><em>οὗτος</em></strong></span> <span class='ocrx_word' id='word_1_252' title='bbox 1553 4010 1738 4111; x_wconf 72' lang='grc' dir='ltr'>ἀνήρ</span> <span class='ocrx_word' id='word_1_253' title='bbox 1773 4009 2008 4111; x_wconf 74' lang='grc' dir='ltr'>διερός</span> <span class='ocrx_word' id='word_1_254' title='bbox 2038 4007 2327 4110; x_wconf 81' lang='grc' dir='ltr'><strong><em>βροτός,</em></strong></span> <span class='ocrx_word' id='word_1_255' title='bbox 2386 4009 2555 4087; x_wconf 75' lang='grc' dir='ltr'><strong><em>οὐδὲ</em></strong></span> <span class='ocrx_word' id='word_1_256' title='bbox 2583 4013 2903 4109; x_wconf 74' lang='grc' dir='ltr'>γένηται,</span> 
     </span>
     <span class='ocr_line' id='line_1_33' title="bbox 943 4111 2484 4218; baseline 0 -29"><span class='ocrx_word' id='word_1_257' title='bbox 943 4113 1022 4198; x_wconf 82' lang='grc' dir='ltr'>ὅς</span> <span class='ocrx_word' id='word_1_258' title='bbox 1050 4146 1169 4190; x_wconf 73' lang='grc' dir='ltr'>κεν</span> <span class='ocrx_word' id='word_1_259' title='bbox 1203 4111 1543 4213; x_wconf 75' lang='grc' dir='ltr'>Φαιήκων</span> <span class='ocrx_word' id='word_1_260' title='bbox 1575 4116 1861 4218; x_wconf 72' lang='grc' dir='ltr'><em>ἅνδρῶν</em></span> <span class='ocrx_word' id='word_1_261' title='bbox 1891 4125 1960 4201; x_wconf 78' lang='grc' dir='ltr'>ἐς</span> <span class='ocrx_word' id='word_1_262' title='bbox 1990 4124 2207 4212; x_wconf 74' lang='grc' dir='ltr'><em>γαῖαν</em></span> <span class='ocrx_word' id='word_1_263' title='bbox 2241 4124 2484 4216; x_wconf 83' lang='grc' dir='ltr'>ἵκηται</span> 
     </span>
     <span class='ocr_line' id='line_1_34' title="bbox 940 4221 1603 4320; baseline 0.002 -27"><span class='ocrx_word' id='word_1_264' title='bbox 940 4221 1290 4319; x_wconf 81' lang='grc' dir='ltr'><strong><em>δηϊοτῆτα</em></strong></span> <span class='ocrx_word' id='word_1_265' title='bbox 1323 4224 1560 4320; x_wconf 73' lang='grc' dir='ltr'><strong><em>φέρων</em></strong></span> <span class='ocrx_word' id='word_1_266' title='bbox 1573 4278 1603 4314; x_wconf 89' lang='lat'>,</span> 
     </span>
    </p>

    <p class='ocr_par' dir='ltr' id='par_1_11' title="bbox 733 4358 1107 4456">
     <span class='ocr_line' id='line_1_35' title="bbox 733 4358 1107 4456; baseline -0.005 -26"><span class='ocrx_word' id='word_1_267' title='bbox 733 4369 803 4430; x_wconf 82' lang='lat' dir='ltr'>et</span> <span class='ocrx_word' id='word_1_268' title='bbox 826 4387 907 4456; x_wconf 85' lang='grc' dir='ltr'>μ.</span> <span class='ocrx_word' id='word_1_269' title='bbox 934 4358 1107 4429; x_wconf 93' lang='grc'><strong>191.</strong></span> 
     </span>
    </p>
   </div>
   <div class='ocr_carea' id='block_1_10' title="bbox 932 4491 2857 4594">
    <p class='ocr_par' dir='ltr' id='par_1_12' title="bbox 932 4491 2857 4594">
     <span class='ocr_line' id='line_1_36' title="bbox 932 4491 2857 4594; baseline -0.002 -23"><span class='ocrx_word' id='word_1_270' title='bbox 932 4500 1142 4593; x_wconf 70' lang='grc' dir='ltr'><em>ἴδμεν</em></span> <span class='ocrx_word' id='word_1_271' title='bbox 1177 4491 1295 4588; x_wconf 79' lang='grc' dir='ltr'>δ’,</span> <span class='ocrx_word' id='word_1_272' title='bbox 1349 4493 1532 4571; x_wconf 83' lang='grc' dir='ltr'><strong><em>ὄσσα</em></strong></span> <span class='ocrx_word' id='word_1_273' title='bbox 1563 4497 1863 4594; x_wconf 73' lang='grc' dir='ltr'>γένηται</span> <span class='ocrx_word' id='word_1_274' title='bbox 1898 4495 2015 4571; x_wconf 75' lang='grc' dir='ltr'>ἐπὶ</span> <span class='ocrx_word' id='word_1_275' title='bbox 2045 4495 2264 4588; x_wconf 77' lang='grc' dir='ltr'><strong><em>χθονὶ</em></strong></span> <span class='ocrx_word' id='word_1_276' title='bbox 2290 4492 2857 4592; x_wconf 73' lang='grc' dir='ltr'><strong><em>πουλυβοτείρῃ,</em></strong></span> 
     </span>
    </p>
   </div>
  </div>
 </body>
</html>
