3259 5275
733 475 824 540 99
1427 473 1544 537 DE
1605 472 2151 537 PARTlchA
2197 470 2291 542 ἃν

734 666 1013 737 iunctivi
1060 663 1479 735 deliberativi
1523 665 1868 758 aliquanto
1909 667 2103 743 latius
2116 720 2137 758 ‚
2189 678 2267 739 ιιι
2309 669 2516 741 cuivis
2569 671 2969 765 imperativo

737 770 1141 841 subiiciatur.
1245 768 1435 839 Iliad.
1471 778 1525 858 ζ.
1555 769 1729 841 340.

796 933 801 938 ’
944 921 1107 1002 ἀλλ’
1137 922 1268 1020 ἄγε
1295 925 1427 999 νῦν
1453 924 1874 1021 ἐπίμεινον,
1928 919 2154 1028 οἷρῆΐα
2191 923 2435 1018 τείχεα
2468 922 2634 1003 δύω.

733 1100 814 1178 ψ.
845 1076 897 1149 Ί
906 1078 971 1150 1.

939 1227 1191 1310 θᾶπτε
1216 1260 1314 1328 με
1346 1231 1510 1308 ὅττι
1549 1228 1891 1327 τάχιστα,
1943 1230 2171 1317 πύλας
2200 1231 2472 1311 Ἀΐδαο
2503 1230 2814 1335 περήσω.

732 1389 948 1483 Attigi
971 1388 1146 1458 haec
1178 1389 1247 1456 in
1282 1387 1435 1459 diss.
1467 1390 1558 1460 de
1583 1391 1805 1483 ellipsi
1836 1400 1903 1459 et
1934 1391 2329 1483 pleonasmo
2357 1413 2429 1484 p.
2469 1390 2642 1459 182.
2711 1391 2969 1460 Exem-

732 1497 853 1590 pla
890 1495 1071 1562 bene
1113 1493 1325 1561 multa
1360 1497 1702 1589 congessit
1727 1495 2089 1565 Elmsleius
2121 1496 2213 1565 ad
2251 1495 2529 1566 Heracl.
2562 1490 2736 1571 559.
2768 1504 2838 1564 et
2880 1495 2970 1564 nd
3076 1590 3081 1595 .

733 1597 1063 1669 Medeam
1090 1594 1410 1670 vnn-12.

937 1700 1398 1771 Deliberativo
1430 1700 1854 1769 ooniunotito
1895 1702 1967 1769 in
2010 1700 2304 1790 obliquis
2331 1700 2969 1793 interrogationibus

735 1813 809 1875 et
849 1804 1379 1873 dubitationibus
1423 1805 1534 1873 vix
1560 1805 1735 1872 ullus
1775 1803 2066 1896 scriptor
2109 1806 2374 1896 saepius
2419 1827 2577 1873 usus
2626 1811 2729 1873 est
2765 1827 2971 1895 quarn

732 1907 1149 1978 Herodotum.
1181 1908 1233 1975 Ι.
1267 1902 1457 1978 75.“’
1415 1933 1485 1988 ες
1512 1934 1596 1981 τε
1620 1901 1720 1978 τοῖ
1733 1901 2136 2004 χρηστήρια
2155 1909 2461 1998 ἔπεμπε,
2493 1910 2565 1980 εἰ
2576 1901 2969 2003 στρατεύῃ·

732 2038 865 2086 ται
908 2009 1023 2095 ἐπὶ
1067 2011 1375 2107 Πέρσας.
1483 2010 1660 2079 Vide
1706 2009 1792 2078 11.
1822 2008 1946 2078 52.
1998 2010 2114 2080 lv.
2149 2009 2219 2079 9.
2263 2010 2380 2078 vl.
2429 2005 2551 2082 35.
2595 2009 2714 2078 ubi
2758 2012 2968 2106 ποιέῃ

732 2113 1241 2207 reponendum3
1294 2123 1364 2183 et
1407 2137 1564 2183 oum
1594 2109 1784 2195 ὅςτις
1811 2112 1929 2184 lv.
1968 2110 2139 2181 156.
2179 2112 2264 2182 V.
2294 2112 2414 2182 42.
2448 2114 2568 2183 nbi
2596 2135 2761 2181 vera
2797 2113 2969 2182 scri-

729 2227 937 2312 ptura
965 2226 1068 2286 est
1112 2220 1183 2314 ἴῃ
1199 2245 1227 2309 ,-
1275 2218 1396 2286 lx.
1428 2216 1550 2289 98.
1579 2227 1650 2287 et
1680 2238 1839 2301 eum
1871 2214 2209 2312 ὁκότερος
2236 2216 2290 2287 1.
2338 2212 2511 2288 159.
2549 2223 2618 2287 et
2647 2213 2823 2284 2⁰6.
2854 2216 2970 2284 ubi

732 2323 941 2418 ποιέῃ
971 2321 1374 2413 legendum3
1426 2321 1542 2389 Vl.
1570 2318 1905 2390 52.V111.
1940 2318 2111 2388 101.
2219 2318 2579 2389 coniunxit
2603 2327 2968 2411 utrumque

728 2425 1047 2512 modum,
1102 2424 1597 2492 coniunctivum
1631 2431 1701 2492 et
1729 2424 2128 2516 optativum,
2179 2423 2232 2492 1.
2261 2420 2382 2492 53.
2418 2430 2616 2498 τοῖσι
2655 2423 2735 2496 δὲ
2766 2422 2969 2516 ἄγειν

730 2531 1079 2620 μέλλουσι
1109 2527 1257 2599 τῶν
1287 2527 1556 2601 Λυδῶν
1588 2526 1833 2600 ταῦτα
1862 2554 1960 2600 τα
1996 2526 2193 2623 δωρα
2232 2531 2301 2607 ἐς
2330 2554 2424 2598 τα
2454 2520 2621 2622 ἱροῖ,
2677 2527 2968 2599 ἐνέτελ-

732 2634 900 2704 λετο
937 2628 982 2703 o‘
1021 2633 1345 2726 Κροῖσος
1381 2629 1787 2728 ἐπειρωτᾶν
1830 2624 1932 2704 τοῖ
1964 2623 2407 2758 χρηστήρια,
2464 2632 2535 2702 εἰ
2561 2621 2968 2750 στρατεύη-

730 2761 861 2808 ται
910 2734 1027 2807 ἐπὶ
1078 2735 1369 2831 Πέρσας
1393 2739 1769 2838 Κροῖσος,
1824 2733 1943 2806 καὶ
1989 2762 2053 2806 ει
2096 2759 2270 2806 τινα
2310 2725 2634 2829 στρατόν
2680 2728 2970 2829 ανδροῖν

729 2838 1172 2934 προςθέοιτο
1212 2829 1446 2933 φίλον.
1532 2838 1627 2907 Ει
1650 2860 1810 2906 mox
1840 2838 2051 2930 legati
2081 2836 2258 2904 haec
2282 2844 2636 2928 repetunt·
2689 2861 2807 2907 και
2838 2834 2969 2907 νῦν

729 2937 958 3034 υμέας
1013 2941 1419 3062 ἐπειρωτιξῖζ
1497 2945 1570 3015 εἰ
1616 2935 2117 3040 στρατεύηται
2164 2939 2279 3013 ἐπι
2317 2941 2671 3063 Πέρσας,
2737 2965 2859 3011 και
2905 2938 2979 3009 εἴ

729 3070 901 3117 τινα
969 3037 1294 3141 στρατόν
1371 3039 1656 3142 α’νδρων
1720 3045 2167 3144 προςθέοιτο
2245 3036 2657 3134 σύμμαχον.
2780 3040 2969 3110 Cave

727 3148 1072 3238 utriusque
1096 3147 1282 3216 modi
1319 3148 1631 3217 eamdem
1666 3157 1868 3240 putes
1898 3148 2034 3216 vim
2067 3170 2234 3215 esse.
2307 3147 2553 3236 Neque
2570 3166 2737 3213 vero
2765 3154 2970 3237 opta-

726 3251 901 3319 tivus
922 3302 942 3338 ‚
996 3261 1072 3320 ut
1116 3252 1222 3320 cui
1267 3274 1404 3320 non
1445 3254 1529 3321 sit
1562 3280 1655 3324 αν
1703 3250 2044 3337 additum,
2097 3250 2483 3342 significare
2523 3248 2814 3340 poterit,
2869 3270 2969 3315 an

716 3364 978 3449 poeset
1003 3354 1143 3423 siba·
1185 3356 1425 3425 socios
1455 3356 1893 3448 adiungere.
2003 3352 2149 3423 Sed
2191 3353 2328 3420 hoc
2363 3352 2569 3422 dicit:
2615 3375 2717 3421 an
2749 3348 2969 3420 debe-

731 3466 849 3527 ret
883 3458 1409 3552 'expeditionem
1454 3460 1821 3529 adversus
1860 3458 2148 3527 Persas
2173 3454 2488 3549 facere,
2546 3464 2619 3525 et
2663 3479 2765 3525 an
2797 3478 2969 3525 cen-

731 3571 978 3632 serent
1006 3564 1319 3633 oracula
1352 3565 1588 3633 socios
1625 3561 1967 3656 adiungi.
2064 3561 2245 3628 Nam
2282 3559 2548 3629 diversa
2574 3559 2750 3628 haec
2776 3568 2967 3628 sunt:

729 3665 954 3758 primo
995 3665 1366 3758 interrogat
1395 3691 1480 3735 an
1524 3667 1778 3736 debeat
1810 3664 2189 3759 proficisci,
2241 3686 2419 3755 quae
2453 3665 2663 3755 ipsius
2693 3672 2797 3733 est
2839 3663 2969 3733 de-

731 3768 1080 3852 liberatio;
1131 3768 1414 3858 deinde,
1469 3771 1525 3839 si
1565 3769 1854 3858 debeat,
1908 3792 1994 3838 an
2038 3769 2312 3837 oracula
2350 3767 2423 3835 id
2454 3791 2527 3837 se
2556 3768 2765 3836 velint
2810 3789 2987 3836 cum-

731 3872 927 3941 sociis
967 3872 1218 3957 facere,
1272 3873 1463 3964 quo'd
1490 3874 1658 3943 nihil
1684 3883 1786 3943 est
1811 3872 2014 3960 aliud,
2066 3895 2273 3962 quam
2292 3920 2315 3959 ‚
2368 3894 2457 3940 an
2490 3871 2813 3960 sinerent,
2857 3870 2971 3940 id-

733 3997 869 4065 que
903 3986 1005 4045 est
1030 3989 1114 4045 ex
1145 3979 1573 4047 oraculorum
1594 3988 1825 4047 mente
1846 3975 2278 4046 dietum.1d
2306 3985 2595 4069 apparet
2621 3998 2708 4044 ex
2738 3923 2822 4044 V.
2842 3972 2967 4043 67.

729 4078 1005 4152 τοῦτον
1057 4076 1477 4203 ἐπεθύμησε
1522 4080 1565 4155 o‘
1599 4082 2052 4176 ῙΩεισθένης
2091 4073 2312 4154 ἐόντα
2353 4076 2696 4177 Αργεῖον
2737 4082 2967 4171 ἐκβα-

727 4182 939 4254 actv·
910 4209 986 4255 εκ
990 4182 1144 4306 τῆς
1178 4177 1429 4306 χώρης.
1481 4178 1719 4260 §zoom
1750 4186 1827 4258 δὲ
1859 4188 1927 4265 ἐς
1955 4176 2313 4278 Δελφούς,
2368 4175 2964 4279 ἐχρηστηριάζετο

732 4286 803 4358 εἰ
828 4278 1125 4408 ἐκβάλοι
1153 4280 1289 4362 τόν
1303 4286 1744 4387 ’.Αδρηστον
1849 4288 2110 4380 Aperte
2133 4286 2248 4355 hic
2272 4308 2408 4355 non
2433 4286 2852 4406 interrogat·
2879 4306 2962 4352 an

729 4387 983 4458 debeat
1032 4389 1275 4461 eiicere
1328 4391 1694 4463 Adrastum
1709 4440 1731 4477 ,
1783 4390 1908 4460 sed
1953 4413 2042 4459 an
2082 4390 2247 4460 velit
2288 4412 2445 4458 eum
2484 4389 2741 4480 Apollo
2792 4388 2963 4474 eiiei‚

727 4492 771 4563 i.
802 4515 859 4563 e.
889 4518 977 4563 an
1000 4518 1138 4564 non
1175 4496 1578 4592 rest-agetur.
1684 4495 1957 4566 Eodem
2002 4494 2213 4564 modo
2252 4490 2419 4562 illud
2451 4490 2964 4586 intelligendum
