3259 5275
870 491 1836 554 ulssER‘rA'rlo.
2340 496 2469 559 291

258 683 455 769 Quae
513 681 602 751 de
655 684 980 776 Neptuno
1031 691 1426 805 repetuntur
1478 682 1661 758 xlv.
1720 680 1889 752 148.
1991 682 2069 750 lu
2123 684 2252 752 dea
2303 707 2466 751 vero

257 788 421 856 scite
451 785 810 856 declinavit
840 785 1027 877 quod
1056 787 1272 856 minus
1301 786 1624 857 decorum
1654 784 2028 873 videbatur,
2087 786 2154 854 in
2173 787 2258 860 V.
2294 785 2465 859 784.

464 941 651 1015 ἔνθα
704 937 917 1014 στᾶσ’
971 938 1146 1038 ἤϋσε
1200 934 1349 1014 θεα
1399 932 1825 1021 λευκωλενος
1864 936 2111 1039 “Hom

462 1047 831 1139 Στέντορι
881 1045 1215 1168 ειδομένη
1264 1037 1713 1138 μεγαλήτορι
1764 1037 2284 1138 χαλκεοφώνῳ,

467 1143 545 1228 ὅς
594 1141 818 1220 τόσον
869 1141 1306 1240 αὐδήσασχ,
1363 1144 1537 1220 ὅσον
1589 1143 1794 1219 αλλοι
1850 1140 2319 1236 πεντήκοντα.

260 1300 374 1371 Ad
409 1298 593 1369 idem
621 1322 838 1392 genus
866 1301 1202 1392 pertinent
1230 1300 1366 1386 illa,
1411 1301 1479 1368 in
1507 1300 1748 1389 quibus
1776 1300 2111 1386 falluntur,
2166 1301 2281 1390 qui
2308 1322 2466 1369 cor-

262 1405 450 1497 poris
482 1402 1015 1495 magnitudinem
1057 1405 1403 1499 ingentem
1443 1403 1803 1495 significari
1832 1411 2106 1495 putant:
2158 1415 2233 1472 ut
2282 1403 2467 1494 quod

262 1508 381 1680 {1:¹2⁸
382 1508 478 1684 dN
480 1515 745 1679 {pltplmi
751 1517 884 1680 ⁷est
940 1531 1025 1582 ex
1074 1517 1303 1577 monte
1350 1508 1538 1578 Sami
1585 1505 1927 1576 Thraciae
1976 1509 2222 1600 Aegas
2272 1517 2469 1576 eunte

470 1761 733 1837 αὐτίκα
790 1767 859 1837 δ’
913 1769 987 1848 ἐξ
1038 1762 1244 1863 ὄρεος
1294 1759 1740 1862 κατεβήσετο
1785 1757 2355 1889 παιπαλόεντος,

332 1935 337 1946 ,
469 1861 791 1965 κραιπνοῖ
838 1866 1049 1942 ποσὶν
1099 1863 1500 1967 προβιβας·
1553 1870 1779 1996 τρέμε
1823 1863 1895 1941 δ’
1950 1866 2173 1964 οὔρεα
2222 1859 2476 1963 μακροὶ

1510 1970 1630 2044 καὶ
1682 1968 1813 2096 ὕλη

473 2072 734 2146 ποσσὶν
779 2068 907 2146 ὑπ
960 2069 1412 2148 οἷθανατοισι
1469 2077 1979 2155 Ποσειδαωνος
2031 2066 2291 2154 ἰόντος.

469 2174 622 2268 τρὶς
652 2175 790 2267 μὲν
821 2173 1100 2272 ορεμξατ
1131 2172 1289 2259 law,
1309 2205 1397 2252 το
1432 2178 1509 2253 δὲ
1537 2179 1969 2276 τέτρατον“’
1929 2204 2126 2251 ικετο
2159 2177 2475 2274 τέκμωρ,

470 2273 730 2372 Αἰγάς.

267 2433 427 2503 Non
463 2434 643 2503 euim
681 2434 754 2502 in
790 2433 1009 2504 forma
1057 2434 1168 2504 dei
1210 2433 1594 2528 hyperbole
1639 2447 1776 2526 est,
1840 2433 1966 2504 sed
2005 2434 2077 2503 in
2116 2417 2577 2504 celeritate.l·')

265 2539 448 2607 Nam
480 2537 843 2632 fingendus
876 2539 1284 2633 cogitatione
1315 2548 1416 2607 est
1461 2539 1779 2632 gradiens
1816 2539 2080 2632 mag-nis
2111 2539 2477 2632 gressibus,

263 2652 341 2715 ut
371 2643 565 2735 pingi
602 2645 673 2712 in
704 2644 986 2734 antiquis
1017 2645 1462 2714 monumentis
1489 2645 1833 2733 videmus,
1887 2644 2003 2735 qui
2042 2644 2256 2712 altero
2288 2642 2482 2736 'pede

265 2748 511 2816 montis
545 2769 870 2816 cacumen
911 2757 1100 2817 tanta
1131 2750 1196 2817 vi
1233 2758 1303 2817 et
1337 2748 1677 2818 celeritate
1714 2748 1891 2836 ferit,
1943 2757 2037 2835 ut,
2091 2746 2255 2816 dum
2283 2769 2482 2840 gres-

264 2873 419 2921 sum
456 2852 696 2944 carpit,
738 2852 951 2920 altero
976 2853 1160 2944 pede
1192 2853 1355 2921 alius
1381 2861 1620 2946 tangat
1646 2854 1888 2922 montis
1922 2853 2284 2921 verticem·
2310 2851 2482 2919 Per-

267 2955 509 3050 spicue
536 2956 610 3024 id
640 2955 1057 3024 declaratum
1086 2966 1186 3026 est
1217 2959 1287 3025 in
1321 2959 1510 3046 equis
1543 2956 1828 3027 deorum
1842 3007 1864 3039 ‚
1914 2979 2003 3025 ne
2040 2955 2165 3024 iuis
2206 2952 2483 3045 quidem

268 3060 471 3130 solito
503 3060 851 3129 altioribus
864 3110 886 3148 ‚
937 3060 1126 3128 Iliad.
1156 3061 1236 3132 V.
1264 3058 1437 3129 770.

479 3210 705 3289 ὅσσον
756 3209 838 3286 δ’
889 3209 1250 3311 ἠεροειδὲς
1300 3207 1487 3309 ἀνήρ
1539 3214 1693 3287 ἴδεν
1746 3208 2287 3334 ὀφθαλμοῖσιν,

478 3314 745 3441 ἥμενος
775 3320 854 3391 ἐν
887 3317 1181 3439 σκοπιῇ,
1227 3310 1542 3390 λεύσσων
1572 3315 1691 3390 επι
1729 3317 1991 3389 οἴνοπα
2027 3307 2343 3403 πόντον,

481 3413 750 3495 τόσσον
783 3413 1321 3515 ἕπιθρωσκουσι
1352 3420 1550 3493 θεων
1577 3415 1948 3517 ὖψηχέες”’
1908 3444 2141 3491 ιπποι.

271 3574 422 3646 Sed
447 3583 925 3669 argumentum
941 3624 963 3663 ,
1019 3574 1134 3665 qui
1170 3572 1486 3642 immania
1510 3572 1639 3642 diis
1672 3593 1967 3664 corpora
1997 3568 2306 3639 tribuisse
2333 3566 2489 3637 Ho-

273 3702 540 3749 merum
571 3687 882 3766 censent,
932 3677 1526 3747 luculentissimum
1555 3677 1627 3744 in
1651 3675 1868 3745 Eride
1905 3672 2330 3766 propositum
2357 3694 2493 3765 pu-

272 3792 420 3853 tant
444 3783 550 3852 his
579 3783 877 3853 versibus
900 3781 1239 3855 lliad.1V.
1272 3779 1448 3854 439.

486 3963 674 4033 ωρσε
706 3937 782 4012 δὲ
811 3963 982 4018 τους
1009 3935 1148 4030 μεν
1162 3931 1425 4061 ‘',quc
1451 3961 1624 4015 τους
1652 3933 1729 4008 δὲ
1754 3928 2155 4027 γλαυκωπις
2174 3920 2493 4027 Ἀθήνη,

491 4035 769 4135 Δεῖμός
795 4067 842 4113 τ
860 4034 1033 4137 ἠδὲ
1068 4033 1350 4134 Φόβος,
1402 4038 1523 4112 καὶ
1548 4037 1761 4132 Ἔρις
1786 4033 2073 4129 ἄμοτον
2097 4037 2453 4127 μεμαυῖα,

477 4141 742 4270 Ἀρεος
784 4137 1278 4241 ἀνδροφόνοιο
1313 4134 1703 4265 κασιγνήτη
1736 4132 1958 4238 ἑτάρη
1984 4163 2110 4225 τε,

491 4245 585 4369 ἥτ
599 4244 857 4346 ’ὀλίγη
902 4246 1040 4340 μὲν
1085 4271 1341 4368 πρωτα
1378 4237 1856 4375 κορύσσεται,
1908 4233 2148 4336 αὐταρ
2180 4238 2432 4312 ἔπειτα

492 4344 783 4449 σι’ρανῷ
809 4343 1136 4447 ἐστήριξε
1166 4342 1350 4446 κάρη
1382 4349 1504 4422 καὶ
1529 4348 1650 4423 ἐπὶ
1679 4344 1898 4441 χθονι
1928 4342 2191 4440 βαίνει.

286 4510 377 4578 At
412 4508 589 4576 haec
630 4528 773 4576 nou
811 4504 1072 4587 formae
1086 4550 1107 4590 ‚
1160 4524 1366 4594 quam
1414 4501 1546 4573 dea
1573 4500 1730 4571 Eris
1768 4498 2056 4586 habeat,
2111 4493 2496 4588 descriptio,
2561 4452 2590 4563 .‘
