<?xml version="1.0" encoding="UTF-8"?>
<!DOCTYPE html PUBLIC "-//W3C//DTD XHTML 1.0 Transitional//EN"
    "http://www.w3.org/TR/xhtml1/DTD/xhtml1-transitional.dtd">
<html xmlns="http://www.w3.org/1999/xhtml" xml:lang="en" lang="en">
 <head>
  <title>
</title>
<meta http-equiv="Content-Type" content="text/html;charset=utf-8" />
  <meta name='ocr-system' content='tesseract 3.04.00' />
  <meta name='ocr-capabilities' content='ocr_page ocr_carea ocr_par ocr_line ocrx_word'/>
</head>
<body>
  <div class='ocr_page' id='page_1' title='image "./godofrediherman03fritgoog_0199.png"; bbox 0 0 3259 5275; ppageno 0'>
   <div class='ocr_carea' id='block_1_1' title="bbox 1013 485 2473 557">
    <p class='ocr_par' dir='ltr' id='par_1_1' title="bbox 1013 485 2473 557">
     <span class='ocr_line' id='line_1_1' title="bbox 1013 485 2473 557; baseline 0.008 -12"><span class='ocrx_word' id='word_1_1' title='bbox 1013 485 1730 552; x_wconf 75' lang='lat' dir='ltr'><strong>LIB.1v.cA1³.8.</strong></span> <span class='ocrx_word' id='word_1_2' title='bbox 2344 494 2473 557; x_wconf 71' lang='lat'><strong>186</strong></span> 
     </span>
    </p>
   </div>
   <div class='ocr_carea' id='block_1_2' title="bbox 285 669 2472 1006">
    <p class='ocr_par' dir='ltr' id='par_1_2' title="bbox 285 669 2472 978">
     <span class='ocr_line' id='line_1_2' title="bbox 288 669 2472 774; baseline 0.002 -25"><span class='ocrx_word' id='word_1_3' title='bbox 288 674 562 773; x_wconf 70' lang='grc' dir='ltr'><strong><em>λοτέρου</em></strong></span> <span class='ocrx_word' id='word_1_4' title='bbox 599 669 1107 774; x_wconf 69' lang='grc' dir='ltr'><strong>ἀλγεινότερον</strong></span> <span class='ocrx_word' id='word_1_5' title='bbox 1148 676 1805 772; x_wconf 66' lang='grc' dir='ltr'><strong><em>καταπεσούμενοι.</em></strong></span> <span class='ocrx_word' id='word_1_6' title='bbox 1902 678 2082 749; x_wconf 89' lang='lat' dir='ltr'><strong>Nam</strong></span> <span class='ocrx_word' id='word_1_7' title='bbox 2127 679 2202 747; x_wconf 86' lang='lat' dir='ltr'><strong>id</strong></span> <span class='ocrx_word' id='word_1_8' title='bbox 2241 689 2344 749; x_wconf 81' lang='lat' dir='ltr'><strong>est</strong></span> <span class='ocrx_word' id='word_1_9' title='bbox 2379 708 2472 763; x_wconf 80' lang='grc' dir='ltr'><strong>ως</strong></span> 
     </span>
     <span class='ocr_line' id='line_1_3' title="bbox 286 774 2467 878; baseline 0.003 -28"><span class='ocrx_word' id='word_1_10' title='bbox 286 804 885 874; x_wconf 73' lang='grc' dir='ltr'><strong><em>ιιαταπεσουμενοι</em></strong></span> <span class='ocrx_word' id='word_1_11' title='bbox 911 828 935 867; x_wconf 85' lang='grc'><strong><em>,</em></strong></span> <span class='ocrx_word' id='word_1_12' title='bbox 1016 774 1527 876; x_wconf 70' lang='grc' dir='ltr'><strong>ἀλγεινότερον</strong></span> <span class='ocrx_word' id='word_1_13' title='bbox 1583 809 1676 854; x_wconf 90' lang='grc' dir='ltr'><strong>αν</strong></span> <span class='ocrx_word' id='word_1_14' title='bbox 1742 774 2274 863; x_wconf 73' lang='grc' dir='ltr'><strong><em>καταπεσόντες</em></strong></span> <span class='ocrx_word' id='word_1_15' title='bbox 2328 780 2467 878; x_wconf 72' lang='grc' dir='ltr'><strong>ἀφ’</strong></span> 
     </span>
     <span class='ocr_line' id='line_1_4' title="bbox 285 878 2471 1006; baseline 0 -52"><span class='ocrx_word' id='word_1_16' title='bbox 285 878 736 978; x_wconf 26' lang='grc' dir='ltr'><strong><em>ὑψηλοτεᾞρου</em></strong></span> <span class='ocrx_word' id='word_1_17' title='bbox 842 883 1291 1006; x_wconf 73' lang='lat' dir='ltr'><strong>Quamquam</strong></span> <span class='ocrx_word' id='word_1_18' title='bbox 1314 885 1542 954; x_wconf 86' lang='lat' dir='ltr'><strong>nescio</strong></span> <span class='ocrx_word' id='word_1_19' title='bbox 1590 906 1678 952; x_wconf 86' lang='lat' dir='ltr'><strong>au</strong></span> <span class='ocrx_word' id='word_1_20' title='bbox 1724 885 2253 1004; x_wconf 67' lang='grc' dir='ltr'>οοιιιΡειιιιῑίνιιιιι</span> <span class='ocrx_word' id='word_1_21' title='bbox 2300 887 2471 955; x_wconf 87' lang='lat' dir='ltr'><strong>illud</strong></span> 
     </span>
    </p>
   </div>
   <div class='ocr_carea' id='block_1_3' title="bbox 278 981 2471 2114">
    <p class='ocr_par' dir='ltr' id='par_1_3' title="bbox 278 981 2471 2114">
     <span class='ocr_line' id='line_1_5' title="bbox 284 981 2470 1080; baseline 0.002 -25"><span class='ocrx_word' id='word_1_22' title='bbox 284 981 362 1063; x_wconf 73' lang='grc' dir='ltr'><strong>αῖς</strong></span> <span class='ocrx_word' id='word_1_23' title='bbox 389 983 476 1057; x_wconf 75' lang='grc' dir='ltr'><strong>ἄν</strong></span> <span class='ocrx_word' id='word_1_24' title='bbox 509 985 801 1075; x_wconf 82' lang='lat' dir='ltr'><strong>quadam</strong></span> <span class='ocrx_word' id='word_1_25' title='bbox 827 987 1291 1080; x_wconf 79' lang='lat' dir='ltr'><strong>negligentia</strong></span> <span class='ocrx_word' id='word_1_26' title='bbox 1274 1011 1342 1056; x_wconf 86' lang='grc' dir='ltr'><strong>ιιι</strong></span> <span class='ocrx_word' id='word_1_27' title='bbox 1370 989 1547 1057; x_wconf 82' lang='lat' dir='ltr'><strong>vitae</strong></span> <span class='ocrx_word' id='word_1_28' title='bbox 1581 988 1954 1056; x_wconf 86' lang='lat' dir='ltr'><strong>communis</strong></span> <span class='ocrx_word' id='word_1_29' title='bbox 1983 1010 2109 1057; x_wconf 88' lang='lat' dir='ltr'><strong>usu</strong></span> <span class='ocrx_word' id='word_1_30' title='bbox 2149 990 2351 1057; x_wconf 87' lang='lat' dir='ltr'><strong>etiam</strong></span> <span class='ocrx_word' id='word_1_31' title='bbox 2380 990 2470 1059; x_wconf 83' lang='lat' dir='ltr'><strong>dc</strong></span> 
     </span>
     <span class='ocr_line' id='line_1_6' title="bbox 281 1089 2471 1185; baseline 0.003 -31"><span class='ocrx_word' id='word_1_32' title='bbox 281 1109 347 1155; x_wconf 87' lang='lat' dir='ltr'><strong>re</strong></span> <span class='ocrx_word' id='word_1_33' title='bbox 373 1096 547 1157; x_wconf 85' lang='lat' dir='ltr'><strong>certa</strong></span> <span class='ocrx_word' id='word_1_34' title='bbox 581 1089 834 1159; x_wconf 87' lang='lat' dir='ltr'><strong>dictum</strong></span> <span class='ocrx_word' id='word_1_35' title='bbox 860 1091 977 1177; x_wconf 86' lang='lat' dir='ltr'><strong>sit,</strong></span> <span class='ocrx_word' id='word_1_36' title='bbox 1029 1092 1100 1160; x_wconf 89' lang='lat' dir='ltr'><strong>in</strong></span> <span class='ocrx_word' id='word_1_37' title='bbox 1130 1115 1266 1182; x_wconf 89' lang='lat' dir='ltr'><strong>qua</strong></span> <span class='ocrx_word' id='word_1_38' title='bbox 1291 1089 1733 1161; x_wconf 87' lang='lat' dir='ltr'><strong>omittendum</strong></span> <span class='ocrx_word' id='word_1_39' title='bbox 1760 1100 1905 1159; x_wconf 85' lang='lat' dir='ltr'><strong>erat</strong></span> <span class='ocrx_word' id='word_1_40' title='bbox 1936 1089 2047 1164; x_wconf 81' lang='grc' dir='ltr'><strong><em>ἄν.</em></strong></span> <span class='ocrx_word' id='word_1_41' title='bbox 2154 1093 2246 1160; x_wconf 87' lang='lat' dir='ltr'><strong>Vt</strong></span> <span class='ocrx_word' id='word_1_42' title='bbox 2282 1093 2471 1185; x_wconf 87' lang='lat' dir='ltr'><strong>apud</strong></span> 
     </span>
     <span class='ocr_line' id='line_1_7' title="bbox 282 1187 2470 1289; baseline 0.005 -31"><span class='ocrx_word' id='word_1_43' title='bbox 282 1190 572 1259; x_wconf 90' lang='lat' dir='ltr'><strong>eumdem</strong></span> <span class='ocrx_word' id='word_1_44' title='bbox 608 1191 995 1287; x_wconf 86' lang='lat' dir='ltr'><strong>Contempl.</strong></span> <span class='ocrx_word' id='word_1_45' title='bbox 1025 1195 1078 1262; x_wconf 90' lang='lat' dir='ltr'><strong>l.</strong></span> <span class='ocrx_word' id='word_1_46' title='bbox 1113 1218 1185 1287; x_wconf 90' lang='lat' dir='ltr'><strong>p.</strong></span> <span class='ocrx_word' id='word_1_47' title='bbox 1216 1193 1390 1262; x_wconf 79' lang='lat'><strong>488.</strong></span> <span class='ocrx_word' id='word_1_48' title='bbox 1446 1187 1847 1289; x_wconf 72' lang='grc' dir='ltr'><strong>ξεναγήσεις</strong></span> <span class='ocrx_word' id='word_1_49' title='bbox 1873 1219 2012 1289; x_wconf 78' lang='grc' dir='ltr'><strong>γαρ</strong></span> <span class='ocrx_word' id='word_1_50' title='bbox 2047 1190 2130 1268; x_wconf 81' lang='grc' dir='ltr'><strong>εὖ</strong></span> <span class='ocrx_word' id='word_1_51' title='bbox 2166 1192 2314 1269; x_wconf 82' lang='grc' dir='ltr'><strong>οἶδ</strong></span> <span class='ocrx_word' id='word_1_52' title='bbox 2346 1193 2470 1269; x_wconf 86' lang='grc' dir='ltr'><strong>ὅτι</strong></span> 
     </span>
     <span class='ocr_line' id='line_1_8' title="bbox 279 1291 2467 1389; baseline 0.001 -24"><span class='ocrx_word' id='word_1_53' title='bbox 279 1319 362 1384; x_wconf 75' lang='grc' dir='ltr'><strong>με</strong></span> <span class='ocrx_word' id='word_1_54' title='bbox 402 1297 1021 1389; x_wconf 70' lang='grc' dir='ltr'><strong><em>ξυμπερινοστοῖν,</em></strong></span> <span class='ocrx_word' id='word_1_55' title='bbox 1074 1325 1166 1377; x_wconf 85' lang='grc' dir='ltr'><strong>ως</strong></span> <span class='ocrx_word' id='word_1_56' title='bbox 1205 1297 1298 1370; x_wconf 77' lang='grc' dir='ltr'><strong>ἄν</strong></span> <span class='ocrx_word' id='word_1_57' title='bbox 1346 1291 1542 1376; x_wconf 81' lang='grc' dir='ltr'><strong><em>εἰδως</em></strong></span> <span class='ocrx_word' id='word_1_58' title='bbox 1587 1294 1901 1369; x_wconf 81' lang='grc' dir='ltr'><strong><em>ἅπαντα.</em></strong></span> <span class='ocrx_word' id='word_1_59' title='bbox 2006 1298 2366 1367; x_wconf 79' lang='lat' dir='ltr'>Pausanias</span> <span class='ocrx_word' id='word_1_60' title='bbox 2410 1299 2467 1369; x_wconf 87' lang='lat'><strong>1.</strong></span> 
     </span>
     <span class='ocr_line' id='line_1_9' title="bbox 282 1394 2468 1496; baseline 0.002 -26"><span class='ocrx_word' id='word_1_61' title='bbox 282 1394 387 1479; x_wconf 78' lang='lat'><strong>21,</strong></span> <span class='ocrx_word' id='word_1_62' title='bbox 408 1394 477 1470; x_wconf 83' lang='grc'><strong>8.</strong></span> <span class='ocrx_word' id='word_1_63' title='bbox 507 1404 766 1478; x_wconf 78' lang='grc' dir='ltr'><strong><em>ἵππους</em></strong></span> <span class='ocrx_word' id='word_1_64' title='bbox 794 1394 1130 1481; x_wconf 78' lang='grc' dir='ltr'><strong><em>πολλας“’</em></strong></span> <span class='ocrx_word' id='word_1_65' title='bbox 1085 1425 1380 1480; x_wconf 75' lang='grc' dir='ltr'><strong><em>εκαστος</em></strong></span> <span class='ocrx_word' id='word_1_66' title='bbox 1407 1400 1692 1496; x_wconf 77' lang='grc' dir='ltr'><strong><em>τρέφει,</em></strong></span> <span class='ocrx_word' id='word_1_67' title='bbox 1746 1426 1838 1480; x_wconf 87' lang='grc' dir='ltr'><strong>ως</strong></span> <span class='ocrx_word' id='word_1_68' title='bbox 1866 1425 1958 1471; x_wconf 91' lang='grc' dir='ltr'><strong>αν</strong></span> <span class='ocrx_word' id='word_1_69' title='bbox 1975 1397 2148 1474; x_wconf 75' lang='grc' dir='ltr'><strong><em>οὔτε</em></strong></span> <span class='ocrx_word' id='word_1_70' title='bbox 2175 1406 2242 1481; x_wconf 82' lang='grc' dir='ltr'><strong>ἐς</strong></span> <span class='ocrx_word' id='word_1_71' title='bbox 2268 1404 2468 1475; x_wconf 84' lang='grc' dir='ltr'>ιδιω-</span> 
     </span>
     <span class='ocr_line' id='line_1_10' title="bbox 280 1496 2471 1623; baseline 0.004 -54"><span class='ocrx_word' id='word_1_72' title='bbox 280 1498 408 1571; x_wconf 72' lang='grc' dir='ltr'><strong>τῶν</strong></span> <span class='ocrx_word' id='word_1_73' title='bbox 453 1496 748 1597; x_wconf 71' lang='grc' dir='ltr'><strong><em>κλήρους</em></strong></span> <span class='ocrx_word' id='word_1_74' title='bbox 789 1503 917 1597; x_wconf 82' lang='grc' dir='ltr'><strong><em>τῆς</em></strong></span> <span class='ocrx_word' id='word_1_75' title='bbox 971 1503 1095 1599; x_wconf 80' lang='grc' dir='ltr'><strong>γῆς</strong></span> <span class='ocrx_word' id='word_1_76' title='bbox 1134 1506 1705 1623; x_wconf 73' lang='grc' dir='ltr'><strong>μεμερισμένης,</strong></span> <span class='ocrx_word' id='word_1_77' title='bbox 1771 1500 1946 1575; x_wconf 76' lang='grc' dir='ltr'><strong><em>οὔτε</em></strong></span> <span class='ocrx_word' id='word_1_78' title='bbox 1990 1530 2065 1574; x_wconf 89' lang='grc' dir='ltr'><strong>τι</strong></span> <span class='ocrx_word' id='word_1_79' title='bbox 2116 1498 2471 1601; x_wconf 79' lang='grc' dir='ltr'><strong><em>φερούσης</em></strong></span> 
     </span>
     <span class='ocr_line' id='line_1_11' title="bbox 279 1595 2468 1733; baseline 0.003 -63"><span class='ocrx_word' id='word_1_80' title='bbox 279 1595 442 1696; x_wconf 81' lang='grc' dir='ltr'><strong><em>πλην</em></strong></span> <span class='ocrx_word' id='word_1_81' title='bbox 485 1600 652 1700; x_wconf 78' lang='grc' dir='ltr'><strong><em>ὕλης</em></strong></span> <span class='ocrx_word' id='word_1_82' title='bbox 702 1601 1001 1733; x_wconf 71' lang='grc' dir='ltr'><strong><em>α’γρίας,</em></strong></span> <span class='ocrx_word' id='word_1_83' title='bbox 1056 1603 1190 1677; x_wconf 73' lang='grc' dir='ltr'><strong><em>ἅτε</em></strong></span> <span class='ocrx_word' id='word_1_84' title='bbox 1225 1602 1457 1678; x_wconf 83' lang='grc' dir='ltr'><strong><em>ὄντων</em></strong></span> <span class='ocrx_word' id='word_1_85' title='bbox 1511 1598 1869 1698; x_wconf 75' lang='grc' dir='ltr'><strong><em>νομάδων.</em></strong></span> <span class='ocrx_word' id='word_1_86' title='bbox 1973 1605 2468 1676; x_wconf 80' lang='lat' dir='ltr'><strong>Demosthenes</strong></span> 
     </span>
     <span class='ocr_line' id='line_1_12' title="bbox 278 1700 2465 1830; baseline 0.006 -60"><span class='ocrx_word' id='word_1_87' title='bbox 278 1726 338 1795; x_wconf 92' lang='grc' dir='ltr'><strong>Ρ.</strong></span> <span class='ocrx_word' id='word_1_88' title='bbox 359 1704 665 1792; x_wconf 80' lang='lat' dir='ltr'><strong>519‚1o.</strong></span> <span class='ocrx_word' id='word_1_89' title='bbox 701 1707 822 1779; x_wconf 75' lang='grc' dir='ltr'><strong>καὶ</strong></span> <span class='ocrx_word' id='word_1_90' title='bbox 856 1702 1189 1805; x_wconf 74' lang='grc' dir='ltr'><strong><em>θόρυβον</em></strong></span> <span class='ocrx_word' id='word_1_91' title='bbox 1217 1735 1334 1779; x_wconf 80' lang='grc' dir='ltr'><strong>και</strong></span> <span class='ocrx_word' id='word_1_92' title='bbox 1363 1700 1630 1830; x_wconf 73' lang='grc' dir='ltr'><strong><em>κρότον</em></strong></span> <span class='ocrx_word' id='word_1_93' title='bbox 1648 1708 1997 1780; x_wconf 79' lang='grc' dir='ltr'><strong><em>τοιοῦτον</em></strong></span> <span class='ocrx_word' id='word_1_94' title='bbox 2020 1735 2110 1789; x_wconf 86' lang='grc' dir='ltr'><strong>ως</strong></span> <span class='ocrx_word' id='word_1_95' title='bbox 2139 1737 2231 1781; x_wconf 92' lang='grc' dir='ltr'><strong>αν</strong></span> <span class='ocrx_word' id='word_1_96' title='bbox 2264 1711 2465 1783; x_wconf 79' lang='grc' dir='ltr'><strong><em>ἑπαι·</em></strong></span> 
     </span>
     <span class='ocr_line' id='line_1_13' title="bbox 279 1803 2463 1908; baseline 0.002 -31"><span class='ocrx_word' id='word_1_97' title='bbox 279 1806 547 1888; x_wconf 54' lang='lat' dir='ltr'><strong>&#39;effnde</strong></span> <span class='ocrx_word' id='word_1_98' title='bbox 584 1837 670 1883; x_wconf 78' lang='grc' dir='ltr'><strong><em>τε</em></strong></span> <span class='ocrx_word' id='word_1_99' title='bbox 726 1811 849 1883; x_wconf 74' lang='grc' dir='ltr'><strong>καὶ</strong></span> <span class='ocrx_word' id='word_1_100' title='bbox 900 1812 1370 1908; x_wconf 75' lang='grc' dir='ltr'><strong><em>συνησθέντες</em></strong></span> <span class='ocrx_word' id='word_1_101' title='bbox 1424 1803 1827 1896; x_wconf 77' lang='grc' dir='ltr'><strong><em>ἐποιήσατε.</em></strong></span> <span class='ocrx_word' id='word_1_102' title='bbox 1937 1810 2011 1878; x_wconf 91' lang='grc' dir='ltr'><strong>Ρ.</strong></span> <span class='ocrx_word' id='word_1_103' title='bbox 2055 1808 2281 1902; x_wconf 79' lang='lat'><strong>1352,</strong></span> <span class='ocrx_word' id='word_1_104' title='bbox 2345 1811 2463 1881; x_wconf 71' lang='lat'><strong>27.</strong></span> 
     </span>
     <span class='ocr_line' id='line_1_14' title="bbox 278 1907 2467 2012; baseline 0.005 -34"><span class='ocrx_word' id='word_1_105' title='bbox 278 1907 382 1979; x_wconf 70' lang='grc' dir='ltr'><strong>καὶ</strong></span> <span class='ocrx_word' id='word_1_106' title='bbox 418 1914 748 1986; x_wconf 75' lang='grc' dir='ltr'><strong><em>συνέπινε</em></strong></span> <span class='ocrx_word' id='word_1_107' title='bbox 801 1913 920 1987; x_wconf 73' lang='grc' dir='ltr'><strong>καὶ</strong></span> <span class='ocrx_word' id='word_1_108' title='bbox 980 1913 1418 1987; x_wconf 75' lang='grc' dir='ltr'><strong><em>συνεδείπνει</em></strong></span> <span class='ocrx_word' id='word_1_109' title='bbox 1471 1912 1804 1986; x_wconf 79' lang='grc' dir='ltr'><strong><em>ἐναντίον</em></strong></span> <span class='ocrx_word' id='word_1_110' title='bbox 1850 1914 2132 1985; x_wconf 82' lang='grc' dir='ltr'><strong><em>πολλων</em></strong></span> <span class='ocrx_word' id='word_1_111' title='bbox 2176 1917 2467 2012; x_wconf 79' lang='grc' dir='ltr'><strong><em>Νέαιρα</em></strong></span> 
     </span>
     <span class='ocr_line' id='line_1_15' title="bbox 278 2008 2467 2114; baseline 0.003 -33"><span class='ocrx_word' id='word_1_112' title='bbox 278 2008 444 2109; x_wconf 78' lang='grc' dir='ltr'><strong><em>αὕτη</em></strong></span> <span class='ocrx_word' id='word_1_113' title='bbox 491 2041 580 2094; x_wconf 86' lang='grc' dir='ltr'><strong>ως</strong></span> <span class='ocrx_word' id='word_1_114' title='bbox 632 2042 727 2087; x_wconf 91' lang='grc' dir='ltr'><strong>αν</strong></span> <span class='ocrx_word' id='word_1_115' title='bbox 776 2016 1031 2114; x_wconf 80' lang='grc' dir='ltr'><strong><em>ἑταίρα</em></strong></span> <span class='ocrx_word' id='word_1_116' title='bbox 1086 2011 1289 2088; x_wconf 80' lang='grc' dir='ltr'><strong><em>οὖσα.</em></strong></span> <span class='ocrx_word' id='word_1_117' title='bbox 1392 2016 1671 2084; x_wconf 82' lang='lat' dir='ltr'><strong>Rectius</strong></span> <span class='ocrx_word' id='word_1_118' title='bbox 1720 2016 1941 2083; x_wconf 86' lang='lat' dir='ltr'><strong>omisit</strong></span> <span class='ocrx_word' id='word_1_119' title='bbox 1981 2043 2074 2087; x_wconf 89' lang='grc' dir='ltr'><strong>αν</strong></span> <span class='ocrx_word' id='word_1_120' title='bbox 2123 2018 2193 2086; x_wconf 89' lang='lat' dir='ltr'><strong>iu</strong></span> <span class='ocrx_word' id='word_1_121' title='bbox 2230 2018 2467 2087; x_wconf 88' lang='lat' dir='ltr'><strong>iisdem</strong></span> 
     </span>
    </p>
   </div>
   <div class='ocr_carea' id='block_1_4' title="bbox 277 2115 1879 2209">
    <p class='ocr_par' dir='ltr' id='par_1_4' title="bbox 277 2115 1879 2209">
     <span class='ocr_line' id='line_1_16' title="bbox 277 2115 1879 2209; baseline 0.004 -30"><span class='ocrx_word' id='word_1_122' title='bbox 277 2115 926 2209; x_wconf 77' lang='lat' dir='ltr'><strong>verbisp.1353‚9</strong></span> <span class='ocrx_word' id='word_1_123' title='bbox 981 2115 1879 2206; x_wconf 70' lang='lat'><strong>1354,8.1361‚16.27.</strong></span> 
     </span>
    </p>
   </div>
   <div class='ocr_carea' id='block_1_5' title="bbox 458 2218 2546 2319">
    <p class='ocr_par' dir='ltr' id='par_1_5' title="bbox 458 2218 2546 2319">
     <span class='ocr_line' id='line_1_17' title="bbox 458 2218 2546 2319; baseline 0.002 -31"><span class='ocrx_word' id='word_1_124' title='bbox 458 2218 825 2292; x_wconf 79' lang='lat' dir='ltr'><strong>Caeterum</strong></span> <span class='ocrx_word' id='word_1_125' title='bbox 852 2247 988 2292; x_wconf 90' lang='lat' dir='ltr'><strong>non</strong></span> <span class='ocrx_word' id='word_1_126' title='bbox 1010 2223 1237 2291; x_wconf 86' lang='lat' dir='ltr'><strong>inutile</strong></span> <span class='ocrx_word' id='word_1_127' title='bbox 1264 2221 1466 2291; x_wconf 84' lang='lat' dir='ltr'><strong>fuerit</strong></span> <span class='ocrx_word' id='word_1_128' title='bbox 1493 2222 1850 2309; x_wconf 83' lang='lat' dir='ltr'><strong>monuisse,</strong></span> <span class='ocrx_word' id='word_1_129' title='bbox 1904 2244 2128 2291; x_wconf 86' lang='lat' dir='ltr'><strong>errare</strong></span> <span class='ocrx_word' id='word_1_130' title='bbox 2159 2222 2274 2313; x_wconf 89' lang='lat' dir='ltr'><strong>qui</strong></span> <span class='ocrx_word' id='word_1_131' title='bbox 2301 2247 2467 2316; x_wconf 86' lang='lat' dir='ltr'><strong>par-</strong></span> <span class='ocrx_word' id='word_1_132' title='bbox 2543 2314 2546 2319; x_wconf 10' lang='grc' dir='ltr'><em>ᾗ</em></span> 
     </span>
    </p>
   </div>
   <div class='ocr_carea' id='block_1_6' title="bbox 274 2320 2468 2660">
    <p class='ocr_par' dir='ltr' id='par_1_6' title="bbox 274 2320 2468 2626">
     <span class='ocr_line' id='line_1_18' title="bbox 275 2320 2467 2418; baseline 0.005 -32"><span class='ocrx_word' id='word_1_133' title='bbox 275 2320 550 2413; x_wconf 80' lang='lat' dir='ltr'><strong>ticipium</strong></span> <span class='ocrx_word' id='word_1_134' title='bbox 574 2348 736 2393; x_wconf 91' lang='lat' dir='ltr'><strong>cum</strong></span> <span class='ocrx_word' id='word_1_135' title='bbox 762 2325 855 2399; x_wconf 78' lang='grc' dir='ltr'><strong>ἄν</strong></span> <span class='ocrx_word' id='word_1_136' title='bbox 868 2328 1168 2395; x_wconf 88' lang='lat' dir='ltr'><strong>iunctum</strong></span> <span class='ocrx_word' id='word_1_137' title='bbox 1193 2348 1398 2418; x_wconf 82' lang='lat' dir='ltr'><strong>saepe</strong></span> <span class='ocrx_word' id='word_1_138' title='bbox 1424 2325 1590 2395; x_wconf 86' lang='lat' dir='ltr'>nihil</span> <span class='ocrx_word' id='word_1_139' title='bbox 1615 2324 1799 2392; x_wconf 83' lang='lat' dir='ltr'><strong>aliud</strong></span> <span class='ocrx_word' id='word_1_140' title='bbox 1829 2347 1974 2393; x_wconf 87' lang='lat' dir='ltr'><strong>esse</strong></span> <span class='ocrx_word' id='word_1_141' title='bbox 1999 2334 2240 2417; x_wconf 83' lang='lat' dir='ltr'><strong>putant</strong></span> <span class='ocrx_word' id='word_1_142' title='bbox 2265 2350 2467 2417; x_wconf 77' lang='lat' dir='ltr'><strong>quam</strong></span> 
     </span>
     <span class='ocr_line' id='line_1_19' title="bbox 277 2425 2468 2552; baseline 0.002 -58"><span class='ocrx_word' id='word_1_143' title='bbox 277 2425 337 2494; x_wconf 79' lang='grc' dir='ltr'><strong>εἰ</strong></span> <span class='ocrx_word' id='word_1_144' title='bbox 352 2447 498 2496; x_wconf 86' lang='lat' dir='ltr'><strong>cum</strong></span> <span class='ocrx_word' id='word_1_145' title='bbox 530 2428 749 2497; x_wconf 81' lang='lat' dir='ltr'><strong>verbo</strong></span> <span class='ocrx_word' id='word_1_146' title='bbox 775 2430 962 2499; x_wconf 87' lang='lat' dir='ltr'><strong>finito</strong></span> <span class='ocrx_word' id='word_1_147' title='bbox 993 2430 1465 2552; x_wconf 67' lang='lat' dir='ltr'><strong>compositum.</strong></span> <span class='ocrx_word' id='word_1_148' title='bbox 1570 2430 1751 2497; x_wconf 85' lang='lat' dir='ltr'><strong>Nam</strong></span> <span class='ocrx_word' id='word_1_149' title='bbox 1779 2429 1951 2496; x_wconf 87' lang='lat' dir='ltr'><strong>haec</strong></span> <span class='ocrx_word' id='word_1_150' title='bbox 1983 2452 2121 2497; x_wconf 88' lang='lat' dir='ltr'><strong>nou</strong></span> <span class='ocrx_word' id='word_1_151' title='bbox 2160 2439 2263 2499; x_wconf 87' lang='lat' dir='ltr'><strong>est</strong></span> <span class='ocrx_word' id='word_1_152' title='bbox 2302 2453 2468 2522; x_wconf 86' lang='lat' dir='ltr'><strong>par-</strong></span> 
     </span>
     <span class='ocr_line' id='line_1_20' title="bbox 274 2526 2464 2660; baseline 0.003 -63"><span class='ocrx_word' id='word_1_153' title='bbox 274 2526 495 2598; x_wconf 68' lang='lat' dir='ltr'><strong>ticulae</strong></span> <span class='ocrx_word' id='word_1_154' title='bbox 541 2532 640 2601; x_wconf 79' lang='lat' dir='ltr'><strong>vis</strong></span> <span class='ocrx_word' id='word_1_155' title='bbox 656 2581 679 2619; x_wconf 86' lang='lat'>‚</span> <span class='ocrx_word' id='word_1_156' title='bbox 747 2533 872 2601; x_wconf 88' lang='lat' dir='ltr'><strong>sed</strong></span> <span class='ocrx_word' id='word_1_157' title='bbox 919 2534 1126 2625; x_wconf 86' lang='lat' dir='ltr'><strong>ipsius</strong></span> <span class='ocrx_word' id='word_1_158' title='bbox 1176 2532 1538 2626; x_wconf 86' lang='lat' dir='ltr'><strong>participii</strong></span> <span class='ocrx_word' id='word_1_159' title='bbox 1557 2533 1757 2660; x_wconf 83' lang='lat' dir='ltr'><strong>etiam</strong></span> <span class='ocrx_word' id='word_1_160' title='bbox 1800 2533 2080 2602; x_wconf 83' lang='lat' dir='ltr'><strong>carentis</strong></span> <span class='ocrx_word' id='word_1_161' title='bbox 2117 2533 2464 2625; x_wconf 84' lang='lat' dir='ltr'><strong>particula.</strong></span> 
     </span>
    </p>
   </div>
   <div class='ocr_carea' id='block_1_7' title="bbox 275 2627 1328 2724">
    <p class='ocr_par' dir='ltr' id='par_1_7' title="bbox 275 2627 1328 2724">
     <span class='ocr_line' id='line_1_21' title="bbox 275 2627 1328 2724; baseline 0.008 -26"><span class='ocrx_word' id='word_1_162' title='bbox 275 2627 355 2699; x_wconf 78' lang='lat' dir='ltr'><strong>vt</strong></span> <span class='ocrx_word' id='word_1_163' title='bbox 377 2633 559 2724; x_wconf 81' lang='lat' dir='ltr'><strong>quod</strong></span> <span class='ocrx_word' id='word_1_164' title='bbox 587 2637 789 2706; x_wconf 89' lang='lat' dir='ltr'><strong>estin</strong></span> <span class='ocrx_word' id='word_1_165' title='bbox 824 2634 1001 2708; x_wconf 86' lang='lat' dir='ltr'><strong>Oed.</strong></span> <span class='ocrx_word' id='word_1_166' title='bbox 1028 2638 1118 2711; x_wconf 81' lang='lat' dir='ltr'><strong>R.</strong></span> <span class='ocrx_word' id='word_1_167' title='bbox 1151 2634 1328 2711; x_wconf 71' lang='lat'><strong>446.</strong></span> 
     </span>
    </p>
   </div>
   <div class='ocr_carea' id='block_1_8' title="bbox 460 2784 1950 2885">
    <p class='ocr_par' dir='ltr' id='par_1_8' title="bbox 460 2784 1950 2885">
     <span class='ocr_line' id='line_1_22' title="bbox 460 2784 1950 2885; baseline 0 -23"><span class='ocrx_word' id='word_1_168' title='bbox 460 2787 708 2874; x_wconf 74' lang='grc' dir='ltr'><strong><em>συθείς</em></strong></span> <span class='ocrx_word' id='word_1_169' title='bbox 730 2787 810 2866; x_wconf 85' lang='grc' dir='ltr'><strong><em>τ’</em></strong></span> <span class='ocrx_word' id='word_1_170' title='bbox 843 2789 934 2864; x_wconf 82' lang='grc' dir='ltr'><strong>ἅν</strong></span> <span class='ocrx_word' id='word_1_171' title='bbox 952 2846 980 2881; x_wconf 95' lang='grc'><strong><em>,</em></strong></span> <span class='ocrx_word' id='word_1_172' title='bbox 1036 2787 1164 2866; x_wconf 69' lang='grc' dir='ltr'><strong>οὐκ</strong></span> <span class='ocrx_word' id='word_1_173' title='bbox 1199 2820 1291 2866; x_wconf 90' lang='grc' dir='ltr'><strong>αν</strong></span> <span class='ocrx_word' id='word_1_174' title='bbox 1325 2784 1663 2885; x_wconf 70' lang='grc' dir='ltr'><strong><em>ιῖλγυναις</em></strong></span> <span class='ocrx_word' id='word_1_175' title='bbox 1689 2791 1950 2880; x_wconf 78' lang='grc' dir='ltr'><strong><em>πλέον,</em></strong></span> 
     </span>
    </p>
   </div>
   <div class='ocr_carea' id='block_1_9' title="bbox 270 2936 2470 3554">
    <p class='ocr_par' dir='ltr' id='par_1_9' title="bbox 271 2936 2470 3554">
     <span class='ocr_line' id='line_1_23' title="bbox 275 2936 2470 3064; baseline 0.002 -58"><span class='ocrx_word' id='word_1_176' title='bbox 275 2936 393 3007; x_wconf 83' lang='lat' dir='ltr'><strong>dici</strong></span> <span class='ocrx_word' id='word_1_177' title='bbox 417 2944 692 3064; x_wconf 79' lang='lat' dir='ltr'><strong>quidem</strong></span> <span class='ocrx_word' id='word_1_178' title='bbox 722 2946 968 3037; x_wconf 83' lang='lat' dir='ltr'><strong>potuit,</strong></span> <span class='ocrx_word' id='word_1_179' title='bbox 1020 2948 1092 3018; x_wconf 79' lang='grc' dir='ltr'><strong>εἰ</strong></span> <span class='ocrx_word' id='word_1_180' title='bbox 1114 2944 1432 3043; x_wconf 75' lang='grc' dir='ltr'><strong><em>συθείης,</em></strong></span> <span class='ocrx_word' id='word_1_181' title='bbox 1487 2943 1609 3013; x_wconf 88' lang='lat' dir='ltr'><strong>sed</strong></span> <span class='ocrx_word' id='word_1_182' title='bbox 1641 2966 1777 3012; x_wconf 89' lang='lat' dir='ltr'><strong>nou</strong></span> <span class='ocrx_word' id='word_1_183' title='bbox 1805 2951 2089 3036; x_wconf 85' lang='lat' dir='ltr'><strong>propter</strong></span> <span class='ocrx_word' id='word_1_184' title='bbox 2112 2942 2205 3018; x_wconf 77' lang='grc' dir='ltr'><strong>ἄν</strong></span> <span class='ocrx_word' id='word_1_185' title='bbox 2227 2962 2245 2982; x_wconf 88' lang='lat'><strong>·</strong></span> <span class='ocrx_word' id='word_1_186' title='bbox 2298 2967 2470 3038; x_wconf 86' lang='lat' dir='ltr'><strong>pos-</strong></span> 
     </span>
     <span class='ocr_line' id='line_1_24' title="bbox 274 3047 2470 3140; baseline 0.004 -30"><span class='ocrx_word' id='word_1_187' title='bbox 274 3051 363 3110; x_wconf 79' lang='lat' dir='ltr'><strong>set</strong></span> <span class='ocrx_word' id='word_1_188' title='bbox 399 3047 574 3117; x_wconf 86' lang='lat' dir='ltr'><strong>euim</strong></span> <span class='ocrx_word' id='word_1_189' title='bbox 620 3049 828 3118; x_wconf 89' lang='lat' dir='ltr'><strong>etiam</strong></span> <span class='ocrx_word' id='word_1_190' title='bbox 874 3050 930 3118; x_wconf 88' lang='lat' dir='ltr'><strong>si</strong></span> <span class='ocrx_word' id='word_1_191' title='bbox 978 3048 1248 3118; x_wconf 85' lang='lat' dir='ltr'><strong>abesset</strong></span> <span class='ocrx_word' id='word_1_192' title='bbox 1291 3047 1383 3120; x_wconf 79' lang='grc' dir='ltr'><strong>ἄν</strong></span> <span class='ocrx_word' id='word_1_193' title='bbox 1397 3102 1425 3137; x_wconf 96' lang='grc'><strong><em>,</em></strong></span> <span class='ocrx_word' id='word_1_194' title='bbox 1478 3047 1668 3138; x_wconf 87' lang='lat' dir='ltr'><strong>quod</strong></span> <span class='ocrx_word' id='word_1_195' title='bbox 1712 3056 1813 3115; x_wconf 89' lang='lat' dir='ltr'><strong>est</strong></span> <span class='ocrx_word' id='word_1_196' title='bbox 1851 3057 2136 3140; x_wconf 82' lang='lat' dir='ltr'><strong>propter</strong></span> <span class='ocrx_word' id='word_1_197' title='bbox 2186 3049 2470 3118; x_wconf 82' lang='lat' dir='ltr'><strong>alterum</strong></span> 
     </span>
     <span class='ocr_line' id='line_1_25' title="bbox 274 3150 2469 3244; baseline 0.002 -29"><span class='ocrx_word' id='word_1_198' title='bbox 274 3171 354 3216; x_wconf 85' lang='grc' dir='ltr'><strong>αν</strong></span> <span class='ocrx_word' id='word_1_199' title='bbox 380 3151 692 3240; x_wconf 83' lang='lat' dir='ltr'><strong>positum.</strong></span> <span class='ocrx_word' id='word_1_200' title='bbox 746 3153 983 3244; x_wconf 88' lang='lat' dir='ltr'><strong>Itaque</strong></span> <span class='ocrx_word' id='word_1_201' title='bbox 1010 3153 1155 3222; x_wconf 85' lang='lat' dir='ltr'><strong>fere</strong></span> <span class='ocrx_word' id='word_1_202' title='bbox 1178 3151 1296 3221; x_wconf 91' lang='lat' dir='ltr'><strong>ubi</strong></span> <span class='ocrx_word' id='word_1_203' title='bbox 1320 3151 1677 3244; x_wconf 85' lang='lat' dir='ltr'><strong>participio</strong></span> <span class='ocrx_word' id='word_1_204' title='bbox 1709 3150 2010 3218; x_wconf 87' lang='lat' dir='ltr'><strong>iunctum</strong></span> <span class='ocrx_word' id='word_1_205' title='bbox 2038 3160 2138 3219; x_wconf 87' lang='lat' dir='ltr'><strong>est</strong></span> <span class='ocrx_word' id='word_1_206' title='bbox 2165 3179 2285 3240; x_wconf 86' lang='grc' dir='ltr'><strong>αν,</strong></span> <span class='ocrx_word' id='word_1_207' title='bbox 2340 3152 2469 3220; x_wconf 88' lang='lat' dir='ltr'><strong>ad-</strong></span> 
     </span>
     <span class='ocr_line' id='line_1_26' title="bbox 273 3247 2466 3346; baseline 0.003 -28"><span class='ocrx_word' id='word_1_208' title='bbox 273 3247 466 3321; x_wconf 76' lang='lat' dir='ltr'><strong>ditum</strong></span> <span class='ocrx_word' id='word_1_209' title='bbox 496 3266 599 3324; x_wconf 87' lang='lat' dir='ltr'><strong>est</strong></span> <span class='ocrx_word' id='word_1_210' title='bbox 626 3256 830 3325; x_wconf 84' lang='lat' dir='ltr'><strong>etiam</strong></span> <span class='ocrx_word' id='word_1_211' title='bbox 860 3258 1115 3339; x_wconf 81' lang='lat' dir='ltr'><strong>verbo,</strong></span> <span class='ocrx_word' id='word_1_212' title='bbox 1160 3255 1349 3346; x_wconf 89' lang='lat' dir='ltr'><strong>quod</strong></span> <span class='ocrx_word' id='word_1_213' title='bbox 1393 3277 1549 3323; x_wconf 85' lang='lat' dir='ltr'><strong>cum</strong></span> <span class='ocrx_word' id='word_1_214' title='bbox 1583 3254 1699 3321; x_wconf 92' lang='lat' dir='ltr'><strong>illo</strong></span> <span class='ocrx_word' id='word_1_215' title='bbox 1727 3253 2085 3346; x_wconf 84' lang='lat' dir='ltr'><strong>participio</strong></span> <span class='ocrx_word' id='word_1_216' title='bbox 2127 3253 2466 3325; x_wconf 80' lang='lat' dir='ltr'><strong>cohaeret.</strong></span> 
     </span>
     <span class='ocr_line' id='line_1_27' title="bbox 274 3351 2470 3449; baseline 0.001 -26"><span class='ocrx_word' id='word_1_217' title='bbox 274 3351 463 3437; x_wconf 81' lang='lat' dir='ltr'><strong>Quod</strong></span> <span class='ocrx_word' id='word_1_218' title='bbox 502 3359 557 3427; x_wconf 91' lang='lat' dir='ltr'><strong>si</strong></span> <span class='ocrx_word' id='word_1_219' title='bbox 615 3360 839 3449; x_wconf 76' lang='lat' dir='ltr'><strong>dicaS,</strong></span> <span class='ocrx_word' id='word_1_220' title='bbox 893 3358 1143 3440; x_wconf 79' lang='grc' dir='ltr'><strong><em>συθείς</em></strong></span> <span class='ocrx_word' id='word_1_221' title='bbox 1189 3386 1323 3448; x_wconf 93' lang='grc' dir='ltr'><strong>αν,</strong></span> <span class='ocrx_word' id='word_1_222' title='bbox 1379 3384 1508 3430; x_wconf 78' lang='grc' dir='ltr'><strong>ουκ</strong></span> <span class='ocrx_word' id='word_1_223' title='bbox 1557 3352 1881 3449; x_wconf 76' lang='grc' dir='ltr'><strong><em>οἷλγυνιῐς</em></strong></span> <span class='ocrx_word' id='word_1_224' title='bbox 1916 3358 2179 3436; x_wconf 68' lang='grc' dir='ltr'><strong><em>πλέον,</em></strong></span> <span class='ocrx_word' id='word_1_225' title='bbox 2231 3360 2356 3426; x_wconf 89' lang='lat' dir='ltr'><strong>erit</strong></span> <span class='ocrx_word' id='word_1_226' title='bbox 2396 3359 2470 3427; x_wconf 86' lang='lat' dir='ltr'><strong>id</strong></span> 
     </span>
     <span class='ocr_line' id='line_1_28' title="bbox 270 3455 2470 3554; baseline 0.004 -31.004"><span class='ocrx_word' id='word_1_227' title='bbox 270 3455 648 3533; x_wconf 85' lang='lat' dir='ltr'><strong>inconcinne</strong></span> <span class='ocrx_word' id='word_1_228' title='bbox 690 3462 974 3551; x_wconf 86' lang='lat' dir='ltr'><strong>dictum,</strong></span> <span class='ocrx_word' id='word_1_229' title='bbox 1042 3463 1202 3553; x_wconf 80' lang='lat' dir='ltr'><strong>quia</strong></span> <span class='ocrx_word' id='word_1_230' title='bbox 1241 3485 1377 3532; x_wconf 89' lang='lat' dir='ltr'><strong>non</strong></span> <span class='ocrx_word' id='word_1_231' title='bbox 1424 3461 1577 3529; x_wconf 86' lang='lat' dir='ltr'><strong>satis</strong></span> <span class='ocrx_word' id='word_1_232' title='bbox 1626 3458 1989 3528; x_wconf 85' lang='lat' dir='ltr'><strong>commode</strong></span> <span class='ocrx_word' id='word_1_233' title='bbox 2034 3460 2200 3528; x_wconf 83' lang='lat' dir='ltr'><strong>solvi</strong></span> <span class='ocrx_word' id='word_1_234' title='bbox 2242 3470 2470 3554; x_wconf 86' lang='lat' dir='ltr'><strong>potest</strong></span> 
     </span>
    </p>
   </div>
   <div class='ocr_carea' id='block_1_10' title="bbox 272 3561 2475 4592">
    <p class='ocr_par' dir='ltr' id='par_1_10' title="bbox 272 3561 2473 4590">
     <span class='ocr_line' id='line_1_29' title="bbox 272 3561 2470 3663; baseline -0.002 -28"><span class='ocrx_word' id='word_1_235' title='bbox 272 3580 332 3625; x_wconf 81' lang='lat'><strong>¹¹1</strong></span> <span class='ocrx_word' id='word_1_236' title='bbox 375 3565 666 3663; x_wconf 78' lang='grc' dir='ltr'><strong><em>συθείης</em></strong></span> <span class='ocrx_word' id='word_1_237' title='bbox 697 3565 832 3656; x_wconf 78' lang='grc' dir='ltr'><strong>ἄν,</strong></span> <span class='ocrx_word' id='word_1_238' title='bbox 885 3566 1006 3639; x_wconf 81' lang='grc' dir='ltr'>ιιαὶ</span> <span class='ocrx_word' id='word_1_239' title='bbox 1048 3561 1175 3639; x_wconf 67' lang='grc' dir='ltr'><strong>οὐκ</strong></span> <span class='ocrx_word' id='word_1_240' title='bbox 1219 3561 1543 3657; x_wconf 74' lang='grc' dir='ltr'><strong><em>ἄλγυνεῖς</em></strong></span> <span class='ocrx_word' id='word_1_241' title='bbox 1570 3564 1811 3637; x_wconf 76' lang='grc' dir='ltr'><strong><em>πλέον.</em></strong></span> <span class='ocrx_word' id='word_1_242' title='bbox 1917 3563 2036 3632; x_wconf 90' lang='lat' dir='ltr'><strong>Sic</strong></span> <span class='ocrx_word' id='word_1_243' title='bbox 2081 3563 2272 3656; x_wconf 88' lang='lat' dir='ltr'><strong>apud</strong></span> <span class='ocrx_word' id='word_1_244' title='bbox 2320 3567 2470 3635; x_wconf 86' lang='lat' dir='ltr'><strong>An-</strong></span> 
     </span>
     <span class='ocr_line' id='line_1_30' title="bbox 273 3662 2470 3763; baseline 0.005 -35"><span class='ocrx_word' id='word_1_245' title='bbox 273 3662 632 3755; x_wconf 83' lang='lat' dir='ltr'><strong>tiphontem</strong></span> <span class='ocrx_word' id='word_1_246' title='bbox 661 3693 735 3763; x_wconf 91' lang='grc' dir='ltr'><strong>Ρ.</strong></span> <span class='ocrx_word' id='word_1_247' title='bbox 793 3669 964 3739; x_wconf 72' lang='grc'><strong>712.</strong></span> <span class='ocrx_word' id='word_1_248' title='bbox 1015 3667 1250 3739; x_wconf 84' lang='lat' dir='ltr'><strong>Reisk.</strong></span> <span class='ocrx_word' id='word_1_249' title='bbox 1286 3663 1995 3763; x_wconf 72' lang='lat' dir='ltr'><strong>(54.§.16.Bekk.)</strong></span> <span class='ocrx_word' id='word_1_250' title='bbox 2033 3690 2244 3757; x_wconf 89' lang='lat' dir='ltr'><strong>quum</strong></span> <span class='ocrx_word' id='word_1_251' title='bbox 2271 3669 2470 3761; x_wconf 83' lang='lat' dir='ltr'><strong>lege-</strong></span> 
     </span>
     <span class='ocr_line' id='line_1_31' title="bbox 272 3765 2473 3864; baseline -0.001 -20"><span class='ocrx_word' id='word_1_252' title='bbox 272 3775 468 3857; x_wconf 74' lang='lat' dir='ltr'><strong>retur,</strong></span> <span class='ocrx_word' id='word_1_253' title='bbox 521 3765 700 3845; x_wconf 71' lang='grc' dir='ltr'><strong><em>ἔλων</em></strong></span> <span class='ocrx_word' id='word_1_254' title='bbox 730 3769 803 3846; x_wconf 82' lang='grc' dir='ltr'><strong>δ’</strong></span> <span class='ocrx_word' id='word_1_255' title='bbox 840 3801 933 3845; x_wconf 88' lang='grc' dir='ltr'><strong>αν</strong></span> <span class='ocrx_word' id='word_1_256' title='bbox 972 3765 1297 3856; x_wconf 70' lang='grc' dir='ltr'><strong><em>ἀξιώσεις</em></strong></span> <span class='ocrx_word' id='word_1_257' title='bbox 1323 3799 1420 3864; x_wconf 73' lang='grc' dir='ltr'><strong>με</strong></span> <span class='ocrx_word' id='word_1_258' title='bbox 1456 3768 1919 3858; x_wconf 74' lang='grc' dir='ltr'><strong><em>ἀποκτεῖναι,</em></strong></span> <span class='ocrx_word' id='word_1_259' title='bbox 1971 3771 2244 3840; x_wconf 85' lang='lat' dir='ltr'><strong>mallem</strong></span> <span class='ocrx_word' id='word_1_260' title='bbox 2277 3773 2473 3841; x_wconf 87' lang='lat' dir='ltr'><strong>Bek-</strong></span> 
     </span>
     <span class='ocr_line' id='line_1_32' title="bbox 273 3865 2473 3968; baseline 0.003 -29"><span class='ocrx_word' id='word_1_261' title='bbox 273 3865 457 3940; x_wconf 80' lang='lat' dir='ltr'><strong>kerus</strong></span> <span class='ocrx_word' id='word_1_262' title='bbox 489 3869 827 3958; x_wconf 76' lang='grc' dir='ltr'><strong><em>αἐιοίσαις</em></strong></span> <span class='ocrx_word' id='word_1_263' title='bbox 854 3876 1177 3964; x_wconf 85' lang='lat' dir='ltr'><strong>dedisset,</strong></span> <span class='ocrx_word' id='word_1_264' title='bbox 1230 3898 1366 3965; x_wconf 86' lang='lat' dir='ltr'><strong>quo</strong></span> <span class='ocrx_word' id='word_1_265' title='bbox 1398 3874 1586 3942; x_wconf 88' lang='lat' dir='ltr'><strong>ducit</strong></span> <span class='ocrx_word' id='word_1_266' title='bbox 1617 3873 1867 3942; x_wconf 88' lang='lat' dir='ltr'><strong>codicis</strong></span> <span class='ocrx_word' id='word_1_267' title='bbox 1904 3875 2097 3943; x_wconf 84' lang='lat' dir='ltr'><strong>unius</strong></span> <span class='ocrx_word' id='word_1_268' title='bbox 2137 3875 2473 3968; x_wconf 82' lang='lat' dir='ltr'><strong>scriptura</strong></span> 
     </span>
     <span class='ocr_line' id='line_1_33' title="bbox 276 3965 2472 4072; baseline 0.006 -31"><span class='ocrx_word' id='word_1_269' title='bbox 276 3965 591 4072; x_wconf 68' lang='grc' dir='ltr'><strong><em>ἀξιώσῃς,</em></strong></span> <span class='ocrx_word' id='word_1_270' title='bbox 666 4002 872 4069; x_wconf 83' lang='lat' dir='ltr'><strong>quam</strong></span> <span class='ocrx_word' id='word_1_271' title='bbox 922 3989 1157 4049; x_wconf 85' lang='lat' dir='ltr'><strong>contra</strong></span> <span class='ocrx_word' id='word_1_272' title='bbox 1197 4000 1429 4047; x_wconf 84' lang='lat' dir='ltr'><strong>omnes</strong></span> <span class='ocrx_word' id='word_1_273' title='bbox 1478 3978 1689 4045; x_wconf 88' lang='lat' dir='ltr'><strong>libros</strong></span> <span class='ocrx_word' id='word_1_274' title='bbox 1735 3987 2055 4046; x_wconf 82' lang='lat' dir='ltr'><strong>mutasset</strong></span> <span class='ocrx_word' id='word_1_275' title='bbox 2098 4006 2190 4051; x_wconf 89' lang='grc' dir='ltr'><strong>αν</strong></span> <span class='ocrx_word' id='word_1_276' title='bbox 2236 3980 2306 4048; x_wconf 89' lang='lat' dir='ltr'><strong>iu</strong></span> <span class='ocrx_word' id='word_1_277' title='bbox 2358 3976 2472 4053; x_wconf 80' lang='grc' dir='ltr'><strong>αὖ.</strong></span> 
     </span>
     <span class='ocr_line' id='line_1_34' title="bbox 276 4072 2472 4176; baseline 0.005 -34"><span class='ocrx_word' id='word_1_278' title='bbox 276 4072 420 4158; x_wconf 80' lang='lat' dir='ltr'><strong>Quo</strong></span> <span class='ocrx_word' id='word_1_279' title='bbox 456 4081 696 4150; x_wconf 86' lang='lat' dir='ltr'><strong>clarius</strong></span> <span class='ocrx_word' id='word_1_280' title='bbox 730 4106 838 4152; x_wconf 87' lang='lat' dir='ltr'><strong>res</strong></span> <span class='ocrx_word' id='word_1_281' title='bbox 878 4092 1149 4176; x_wconf 84' lang='lat' dir='ltr'><strong>pateat,</strong></span> <span class='ocrx_word' id='word_1_282' title='bbox 1199 4091 1349 4150; x_wconf 86' lang='lat' dir='ltr'><strong>utar</strong></span> <span class='ocrx_word' id='word_1_283' title='bbox 1397 4081 1514 4148; x_wconf 89' lang='lat' dir='ltr'><strong>illo</strong></span> <span class='ocrx_word' id='word_1_284' title='bbox 1556 4080 1868 4150; x_wconf 83' lang='lat' dir='ltr'><strong>Isocratis</strong></span> <span class='ocrx_word' id='word_1_285' title='bbox 1909 4105 1981 4174; x_wconf 93' lang='grc' dir='ltr'><strong>Ρ.</strong></span> <span class='ocrx_word' id='word_1_286' title='bbox 2024 4076 2094 4150; x_wconf 83' lang='lat'><strong>5.</strong></span> <span class='ocrx_word' id='word_1_287' title='bbox 2141 4083 2232 4155; x_wconf 82' lang='lat' dir='ltr'><strong>D.</strong></span> <span class='ocrx_word' id='word_1_288' title='bbox 2281 4084 2472 4174; x_wconf 86' lang='lat' dir='ltr'><strong>quod</strong></span> 
     </span>
     <span class='ocr_line' id='line_1_35' title="bbox 273 4175 2470 4267; baseline 0.006 -21"><span class='ocrx_word' id='word_1_289' title='bbox 273 4175 431 4247; x_wconf 75' lang='lat' dir='ltr'><strong>infra</strong></span> <span class='ocrx_word' id='word_1_290' title='bbox 456 4183 657 4252; x_wconf 90' lang='lat' dir='ltr'><strong>aliam</strong></span> <span class='ocrx_word' id='word_1_291' title='bbox 698 4187 789 4254; x_wconf 86' lang='lat' dir='ltr'><strong>ob</strong></span> <span class='ocrx_word' id='word_1_292' title='bbox 824 4209 1130 4256; x_wconf 86' lang='lat' dir='ltr'><strong>caussam</strong></span> <span class='ocrx_word' id='word_1_293' title='bbox 1156 4183 1584 4254; x_wconf 82' lang='lat' dir='ltr'><strong>afferendum</strong></span> <span class='ocrx_word' id='word_1_294' title='bbox 1614 4185 1775 4253; x_wconf 85' lang='lat' dir='ltr'><strong>erit:</strong></span> <span class='ocrx_word' id='word_1_295' title='bbox 1829 4184 1880 4257; x_wconf 76' lang='grc' dir='ltr'><strong>οἳ</strong></span> <span class='ocrx_word' id='word_1_296' title='bbox 1913 4190 2067 4265; x_wconf 87' lang='grc' dir='ltr'><strong><em>τοῖς</em></strong></span> <span class='ocrx_word' id='word_1_297' title='bbox 2097 4183 2341 4267; x_wconf 86' lang='grc' dir='ltr'><strong><em>αλλοις</em></strong></span> <span class='ocrx_word' id='word_1_298' title='bbox 2376 4214 2470 4260; x_wconf 86' lang='grc' dir='ltr'><strong>αν</strong></span> 
     </span>
     <span class='ocr_line' id='line_1_36' title="bbox 276 4283 2470 4386; baseline 0.006 -37"><span class='ocrx_word' id='word_1_299' title='bbox 276 4303 711 4375; x_wconf 79' lang='grc' dir='ltr'><strong><em>πραττουσιν</em></strong></span> <span class='ocrx_word' id='word_1_300' title='bbox 739 4283 1150 4386; x_wconf 70' lang='grc' dir='ltr'><strong><em>ἐπιτιμῴης.</em></strong></span> <span class='ocrx_word' id='word_1_301' title='bbox 1254 4287 1339 4357; x_wconf 84' lang='lat' dir='ltr'><strong>Id</strong></span> <span class='ocrx_word' id='word_1_302' title='bbox 1381 4289 1437 4358; x_wconf 88' lang='lat' dir='ltr'><strong>si</strong></span> <span class='ocrx_word' id='word_1_303' title='bbox 1473 4289 1568 4357; x_wconf 89' lang='lat' dir='ltr'><strong>sic</strong></span> <span class='ocrx_word' id='word_1_304' title='bbox 1594 4289 1988 4373; x_wconf 85' lang='lat' dir='ltr'><strong>mutaveris,</strong></span> <span class='ocrx_word' id='word_1_305' title='bbox 2042 4286 2094 4359; x_wconf 79' lang='grc' dir='ltr'><strong><em>ὁὶ</em></strong></span> <span class='ocrx_word' id='word_1_306' title='bbox 2134 4295 2286 4370; x_wconf 89' lang='grc' dir='ltr'><strong><em>τοῖς</em></strong></span> <span class='ocrx_word' id='word_1_307' title='bbox 2328 4288 2470 4362; x_wconf 84' lang='grc' dir='ltr'><strong>αλ-</strong></span> 
     </span>
     <span class='ocr_line' id='line_1_37' title="bbox 274 4383 2475 4489; baseline 0 -24"><span class='ocrx_word' id='word_1_308' title='bbox 274 4383 410 4465; x_wconf 62' lang='grc' dir='ltr'><strong>λῦσε</strong></span> <span class='ocrx_word' id='word_1_309' title='bbox 456 4383 909 4487; x_wconf 71' lang='grc' dir='ltr'><strong><em>πράττουσιν</em></strong></span> <span class='ocrx_word' id='word_1_310' title='bbox 964 4391 1350 4489; x_wconf 76' lang='grc' dir='ltr'><strong><em>ἐπιτιμᾷς,</em></strong></span> <span class='ocrx_word' id='word_1_311' title='bbox 1417 4401 1518 4461; x_wconf 86' lang='lat' dir='ltr'><strong>est</strong></span> <span class='ocrx_word' id='word_1_312' title='bbox 1573 4391 1682 4478; x_wconf 87' lang='lat' dir='ltr'><strong>id,</strong></span> <span class='ocrx_word' id='word_1_313' title='bbox 1749 4392 1800 4463; x_wconf 77' lang='grc' dir='ltr'><em>ἂ</em></span> <span class='ocrx_word' id='word_1_314' title='bbox 1841 4398 1993 4472; x_wconf 83' lang='grc' dir='ltr'><strong><em>τοῖς</em></strong></span> <span class='ocrx_word' id='word_1_315' title='bbox 2056 4387 2335 4481; x_wconf 78' lang='grc' dir='ltr'><strong><em>ἄλλοις,</em></strong></span> <span class='ocrx_word' id='word_1_316' title='bbox 2404 4392 2475 4465; x_wconf 80' lang='grc' dir='ltr'><strong>εἰ</strong></span> 
     </span>
     <span class='ocr_line' id='line_1_38' title="bbox 275 4480 2470 4592; baseline 0.003 -31"><span class='ocrx_word' id='word_1_317' title='bbox 275 4480 743 4586; x_wconf 68' lang='grc' dir='ltr'><strong><em>πράττουσιν,</em></strong></span> <span class='ocrx_word' id='word_1_318' title='bbox 815 4495 1168 4592; x_wconf 74' lang='grc' dir='ltr'><strong><em>ἐπιτιμᾷς.</em></strong></span> <span class='ocrx_word' id='word_1_319' title='bbox 1274 4496 1463 4566; x_wconf 85' lang='lat' dir='ltr'><strong>Pone</strong></span> <span class='ocrx_word' id='word_1_320' title='bbox 1512 4503 1738 4564; x_wconf 84' lang='lat' dir='ltr'><strong>autem</strong></span> <span class='ocrx_word' id='word_1_321' title='bbox 1789 4493 1840 4566; x_wconf 77' lang='grc' dir='ltr'><strong>οἳ</strong></span> <span class='ocrx_word' id='word_1_322' title='bbox 1886 4498 2039 4574; x_wconf 85' lang='grc' dir='ltr'><strong><em>τοῖς</em></strong></span> <span class='ocrx_word' id='word_1_323' title='bbox 2077 4491 2320 4574; x_wconf 79' lang='grc' dir='ltr'><strong><em>ἄλλοις</em></strong></span> <span class='ocrx_word' id='word_1_324' title='bbox 2376 4521 2470 4569; x_wconf 81' lang='grc' dir='ltr'><strong>αν</strong></span> 
     </span>
    </p>
   </div>
  </div>
 </body>
</html>
