3259 5275
720 490 807 564 58
1399 495 1513 556 DE
1580 493 2130 557 PARTICVLA
2173 487 2269 558 ἄν

723 692 1078 771 σθωνται,
1118 684 1295 779 ’περὶ
1329 683 1470 757 τοῦ
1499 681 1826 763 πλείονος
1854 678 2364 777 ἀντιλέγοντες.
2466 682 2571 751 lta
2611 681 2766 752 libri
2799 686 2957 775 qui-

724 786 906 874 dam,
956 794 1164 872 recte,
1215 797 1290 854 ut
1324 787 1488 855 mihi
1525 786 1807 859 videtur.
1918 788 2054 857 Alii
2079 789 2392 855 omittunt
2423 783 2515 859 ἄν
2531 811 2547 828 ·
2602 788 2668 857 si
2693 788 2791 876 hi,
2844 789 2953 856 in-

727 891 910 981 quit,
965 889 1288 983 remiges
1326 890 1656 960 habituri
1693 890 2009 985 fuissent
2056 892 2283 960 multo
2318 890 2760 975 deteriores,
2812 914 2960 961 ποπ

723 993 989 1062 mirum
1034 991 1257 1086 foret.
1377 992 1647 1064 Omissa
1713 992 1849 1077 ἄν,
1918 996 2213 1082 diceret,
2279 994 2343 1063 si
2402 994 2479 1063 hi
2531 993 2962 1065 habuissent

725 1096 1050 1191 remiges
1084 1096 1527 1168 deteriores.-
1580 1108 1656 1165 ut
1692 1101 2087 1193 oppositum
2123 1098 2323 1185 foret,
2377 1107 2460 1167 at
2495 1121 2640 1167 non
2677 1097 2962 1169 habue-

725 1208 901 1270 runt
928 1201 1351 1271 deteriores.
1456 1203 1550 1270 At
1573 1202 1955 1273 habuerunt
1983 1202 2078 1270 ini
2106 1202 2320 1270 nullos
2346 1203 2637 1271 omnino.
2715 1202 2961 1292 Itaque

726 1313 1015 1396 apparet
1063 1303 1411 1395 duplicem
1447 1305 1667 1373 inesse
1722 1306 2174 1375 conditionem
2196 1356 2216 1390 ‚
2285 1314 2393 1394 ut,
2458 1329 2666 1395 quum
2719 1307 2962 1394 altera,

726 1408 885 1499 quia
923 1409 994 1475 iu
1019 1407 1383 1499 principali
1414 1410 1738 1477 sententia
1767 1409 1861 1483 ἄν
1892 1417 2028 1495 est,
2082 1431 2312 1476 carere
2344 1433 2425 1478 ea
2454 1410 2787 1500 particula
2819 1433 2962 1502 po-

725 1511 962 1597 tuerit,
1030 1512 1242 1578 altera
1284 1534 1436 1579 eam
1480 1513 1797 1600 requirat.
1906 1514 2117 1580 Plene
2159 1512 2338 1579 enim
2380 1513 2605 1581 omnia
2648 1513 2703 1580 si
2747 1512 2962 1600 dicam,

726 1615 901 1683 haee
927 1614 1248 1682 habebis:
1303 1614 1370 1682 si
1395 1614 1506 1682 illi
1540 1614 1966 1685 habuissent
1995 1613 2352 1707 remiges,
2405 1638 2550 1686 non
2567 1613 2789 1710 soret
2818 1616 2966 1684 mi-
3018 1680 3022 1683 ,

728 1740 894 1787 rum
906 1771 935 1806 ,
989 1716 1056 1786 si
1100 1716 1178 1785 hi
1219 1717 1543 1810 remiges
1590 1718 1998 1789 deteriores
2024 1717 2375 1811 fuissent.
2480 1720 2675 1787 Alter
2714 1720 2966 1788 modus

728 1829 852 1906 est,
906 1841 1115 1910 quum
1141 1821 1212 1887 ἰιι
1237 1820 1590 1912 principali
1619 1823 1948 1891 sententia
1976 1843 2112 1889 non
2144 1822 2318 1889 inest
2345 1821 2641 1891 conditio
2664 1846 2803 1891 non
2827 1825 2968 1891 im-

727 1923 933 2017 pleta.
1001 1923 1181 1990 Nam
1209 1923 1268 1990 si
1291 1932 1434 1991 tum
1465 1946 1601 1991 non
1638 1924 1728 1992 ad
1757 1928 1827 1998 εἰ
1847 1924 2211 1993 adderetur
2241 1921 2355 2009 ἄν,
2406 1926 2701 1995 nescires
2732 1937 2968 1994 utrum

729 2026 820 2095 de
853 2050 930 2094 re
958 2048 1120 2094 vere
1151 2026 1366 2110 facta,
1416 2049 1501 2095 au
1533 2027 1622 2095 de
1664 2030 1964 2122 cogitata
1989 2049 2214 2097 sermo
2247 2036 2440 2098 esset.
2544 2030 2968 2099 Demosthe-

728 2153 850 2198 nes
894 2128 985 2198 ad
1024 2128 1325 2197 Timoth.
1380 2153 1453 2221 p.
1508 2127 1733 2216 1201,
1778 2129 1897 2200 18.
1953 2132 2037 2205 εἰ
2092 2127 2345 2204 τοίνυν
2380 2130 2610 2205 τοῦτο
2660 2126 2967 2229 ἰσχυρόν

729 2231 834 2306 ἄν
886 2228 990 2330 ἢν
1042 2230 1281 2327 τούτῳ
1327 2227 1506 2329 πρός
1556 2231 1746 2326 ὑμεῖς
1785 2227 2264 2354 τεκμήριον,
2289 2229 2409 2305 ὅτι
2462 2234 2777 2316 ἐξεδίδου
2828 2230 2969 2308 τόν

726 2334 1196 2454 Αἰσχρίωνα,
1254 2333 1338 2406 ὃν
1387 2335 1827 2456 πεμφθῆναί
1876 2364 2087 2455 φημι
2115 2328 2264 2408 ὑπό
2275 2330 2619 2459 Ητούτου,
2672 2336 2790 2410 καὶ
2821 2341 2969 2410 λα-

726 2442 887 2529 βεῖν
933 2431 1063 2516 τοῖς
1098 2430 1365 2530 φιάλας
1405 2463 1606 2533 παρα
1656 2438 1797 2510 τοῦ
1840 2431 2164 2556 πατρός
2164 2437 2305 2511 τοῦ
2357 2439 2588 2532 ἐμοῦ,
2657 2440 2778 2513 καὶ
2828 2434 2971 2530 τήν

726 2539 924 2632 μνὸἶν
954 2537 1094 2611 τοῦ
1125 2534 1475 2664 α’ργυρίου
1508 2538 2019 2628 δανείσασθαι,
2071 2534 2294 2632 κοῖμοὶ
2334 2542 2655 2633 γενέσθω
2692 2537 2973 2641 τεκμή-

728 2669 896 2739 ριον
944 2634 1122 2738 πρός
1163 2641 1350 2736 ὑμᾶς
1396 2639 1515 2716 ὅτι
1559 2637 1898 2725 συνειδώς
1930 2670 2027 2736 με
2074 2639 2322 2740 ἀληθῆ
2370 2647 2812 2737 ἐγκαλοῦντα
2874 2644 2970 2721 οῦ

729 2746 975 2855 τολμᾷ
1018 2739 1167 2821 τόν
1209 2745 1626 2842 Αἰσχρίωνα
1643 2746 2154 2869 παραδοῦναι.
2273 2746 2650 2819 Dinarchus
2707 2774 2780 2844 p.
2841 2749 2967 2820 39.

731 2871 879 2938 seq.
940 2845 1147 2938 (189.
1200 2846 1462 2940 Bekk.)
1515 2844 1661 2922 εἶτ
1722 2844 1813 2922 οὐ
1863 2841 2142 2928 δεινόν,
2214 2877 2268 2921 ω
2313 2845 2767 2948 Αθηναῖοι,
2840 2856 2933 2927 εἰ
2939 2908 2970 2944 ,

732 2948 854 3024 ὅτι
881 2950 1019 3044 μὲν
1051 2948 1150 3031 εἶς
1183 2944 1366 3047 ᾰνήρ
1409 2951 1627 3075 ἔφησε
1665 2951 2015 3073 Πιστίας,
2056 2947 2670 3078 Ἀρεοπαγίτης
2612 2983 2737 3045 ων,
2792 2952 2972 3030 οἱδι-

728 3058 881 3127 κεΐν
916 3080 1054 3178 5²:⁹⁹
1107 3049 1745 3148 καταψευδόμενος
1771 3050 2015 3147 καμοῦ
2039 3052 2158 3126 καὶ
2185 3054 2312 3151 τῆς
2337 3057 2650 3153 βουλῆς,
2705 3060 2743 3130 ἴ
2751 3084 2793 3131 σ
2806 3085 2973 3150 χυ-

733 3182 885 3230 σεν
938 3155 1043 3228 ἄν
1093 3149 1188 3229 τό
1228 3156 1496 3281 Ψεῦδος
1541 3156 1668 3254 τῆς
1714 3152 2062 3277 ἀληθείας
2104 3155 2428 3248 μᾶλλον,
2480 3159 2599 3232 καί
2657 3155 2785 3233 δια
2827 3156 2972 3287 τη“ν

732 3255 1129 3333 ᾰσθενείαν
1173 3286 1310 3355 την
1344 3286 1522 3334 τοτε
1560 3256 1681 3331 καί
1710 3252 1846 3356 τήν
1876 3258 2208 3382 ἐρημίαν
2224 3286 2362 3356 την
2402 3255 2585 3359 ἐμην
2618 3260 2973 3338 ἐπιστεύ-

731 3371 974 3459 θησαν
1041 3366 1122 3434 αἱ
1190 3358 1360 3434 κατ’
1423 3361 1613 3455 ἐμοῦ
1667 3365 1956 3457 ψευδεῖς
2001 3354 2426 3456 γιγνόμεναι
2480 3358 2972 3461 κατασκευαίς

731 3465 808 3534 Si
847 3463 1155 3549 dixisset,
1203 3459 1345 3536 εἶτ
1389 3460 1478 3539 ου’
1513 3459 1753 3539 δεινόν
1785 3464 1877 3537 οἷν
1910 3460 1999 3561 ἦν
2015 3518 2070 3552 ,
2097 3466 2406 3535 omittere
2443 3495 2536 3540 αν
2563 3469 2629 3536 in
2667 3492 2972 3560 sequen-

730 3563 905 3636 tibus
965 3567 1325 3638 debuisset.
1434 3567 1786 3660 Antiphon
1838 3590 1910 3660 p.
1955 3565 2127 3636 78⁰.
2189 3566 2344 3658 (8.8
2398 3564 2470 3665 §.
2526 3568 2969 3666 29.Β61(1ι.)

605 3675 609 3679 ’
730 3668 976 3742 καίτοι
1032 3662 1312 3759 δεινόν,
1385 3671 1479 3743 εἰ
1527 3676 1599 3742 οἰ
1640 3666 1853 3743 αὐτοὶ
1897 3670 2035 3762 μὲν
2085 3697 2452 3770 μαρτυρες
2494 3668 2792 3757 τούτοις
2857 3705 2969 3752 αν

728 3770 1276 3898 μαρτυροῦντες
1336 3770 1590 3845 πιστοι
1658 3797 1918 3900 ησαν,
2018 3771 2182 3863 ἐμοὶ
2242 3774 2319 3847 δέ
2377 3778 2966 3906 μαρτυροῦντες,
3026 3762 3048 3778 ’

732 3870 1035 3946 ἄπιστοι
1066 3873 1396 3947 ἔσονται·
1451 3901 1571 3946 και
1608 3877 1697 3948 εἰ
1720 3873 1857 3965 μὲν
1888 3900 2081 3947 πανυ
2114 3900 2216 3969 μη
2248 3880 2739 3998 παρεγένοντο
2767 3875 2972 3979 μείρ-

729 4001 971 4072 τυρες,
1030 3968 1169 4067 ἐγω
1200 3976 1275 4049 δέ
1319 3969 1904 4107 παρειχόμην
1959 3974 2104 4066 ἄν,
2161 3976 2206 4073 ἢ
2237 3976 2410 4060 τοῦς
2447 3985 2971 4102 παραγενομέ-

734 4104 899 4159 νους
930 4104 1034 4176 μη
1083 4073 1577 4202 παρειχόμην,
1635 4080 1928 4174 ετέρους
1965 4080 2051 4152 δέ
2075 4107 2320 4171 τινας,
2384 4077 2676 4166 εἰκότως
2728 4114 2838 4161 αν
2896 4092 2971 4161 οἱ

730 4173 1015 4253 τούτων
1060 4173 1268 4273 λόγοι
1325 4175 1758 4275 πιστότεροι
1808 4176 2040 4269 ἦσαν
2092 4209 2238 4255 των
2300 4185 2495 4277 ἐμων
2538 4182 2968 4309 μαρτῦρων.

732 4281 886 4352 Hoc
935 4283 1002 4352 in
1044 4283 1200 4351 loco
1260 4286 1463 4353 ambo
1523 4284 1745 4370 modi,
1818 4282 1908 4351 de
1955 4284 2195 4373 quibus
2260 4285 2562 4377 dictum,
2626 4292 2974 4364 coniuncti

729 4396 896 4459 sunt.
1000 4388 1179 4455 Nam
1205 4387 1323 4455 illa
1353 4391 1422 4462 εἰ
1445 4383 1738 4467 τούτοις
1768 4383 1860 4458 ἄν
1891 4388 2460 4518 μαρτυροῦντες
2467 4392 2718 4465 πιστοὶ
2748 4390 2971 4518 ἦσαν,

730 4500 796 4558 et
835 4492 905 4563 εἰ
945 4482 1234 4572 εἰκότως
1277 4520 1371 4563 αν
1412 4483 1847 4587 πιστότεροι
1891 4483 2077 4584 ἦσαν
2124 4516 2272 4563 των
2306 4493 2501 4585 ἐμων
2541 4491 2972 4596 μαρτύρων,
