3259 5275
798 492 935 567 292
1386 483 2429 547 υεΗΥΒειιΒοιΕ

809 680 864 749 si
907 676 1293 771 simpliciter
1334 675 1696 745 bellatores
1737 677 2020 769 cogitari
2049 676 2291 765 vellet,
2344 676 2630 746 duarum
2660 676 2917 769 potius
2906 676 3018 745 di-

710 780 809 850 1⁰
822 790 1007 852 ceret
1047 778 1387 848 hostilium
1426 800 1778 872 expressos
1809 803 1955 849 esse
1984 780 2251 848 urbium
2281 782 2631 854 exercitus.
2737 780 3025 850 Accedit

809 885 1043 977 quod
1026 904 1162 951 tam
1193 884 1395 952 etiam
1428 883 1729 972 equitum
1757 883 2028 951 omissio
2056 885 2233 953 iusta
2260 883 2615 958 videbitur.

1016 984 1163 1057 Sed
1202 984 1477 1055 redeo
1457 1009 1525 1054 ιιι
1553 986 1750 1054 viam.
1860 986 2134 1056 Genera
2174 986 2599 1079 hyperbolae
2637 988 2769 1056 tria
2801 987 3027 1115 posuit

805 1090 1235 1164 Demetrius
1217 1112 1287 1157 ιιι
1317 1089 1490 1157 libro
1517 1088 1606 1158 de
1641 1090 2019 1159 elocutione
2055 1085 2126 1186 §.
2173 1089 2341 1159 124.
2381 1118 2641 1188 τριττη
2679 1093 2766 1165 δέ
2786 1096 3023 1164 ἐστιν·

815 1197 858 1294 ἢ
897 1189 1079 1269 καθ
1136 1185 1547 1289 ὁμοιότητα
1592 1193 2014 1318 ἐκφέρεται,
2083 1221 2174 1275 ως
2220 1222 2308 1267 το
2358 1196 2623 1269 θέειν
2666 1188 2741 1268 δ
2807 1188 3026 1269 οἶνό-

809 1323 1135 1395 poton·
1202 1292 1567 1387 ὅμοιοι
1639 1293 1684 1391 ἢ
1738 1292 1919 1368 καθ’
1969 1287 2366 1421 ὑπεροχήν,
2433 1325 2524 1379 ως
2569 1324 2658 1372 το
2711 1290 3022 1372 λευκό-

811 1426 1072 1523 τεροι
1116 1391 1471 1491 χιόνος·
1529 1396 1573 1493 ἢ
1602 1425 1790 1471 κατα
1830 1426 1921 1472 το
1959 1393 2356 1489 ἀδύνατον,
2410 1427 2502 1480 ως
2531 1427 2620 1473 το
2659 1396 3027 1496 οὐρανῷ

811 1494 1227 1599 ἐστήριξε
1294 1495 1542 1598 κάρη.
1662 1500 1925 1570 Malam
1983 1502 2159 1571 hanc
2221 1503 2612 1571 divisionem
2666 1525 2817 1572 esse
2869 1503 3030 1571 vidit

808 1611 985 1702 ipse.
1046 1628 1256 1695 quare
1294 1604 1393 1672 sic
1430 1605 1700 1729 pergit·
1752 1605 1951 1677 πᾶσα
1984 1606 2120 1699 μὲν
2167 1600 2301 1679 οὖν
2342 1602 2712 1703 ὕπερβολη
2745 1600 3028 1679 ἀδυνα-

733 1773 737 1779 .
811 1735 970 1792 τος·
1027 1709 1199 1783 οὔτε
1249 1733 1387 1829 γαρ
1422 1732 1512 1779 αι·
1560 1734 1624 1797 χ
1639 1701 1804 1788 όνος
1848 1701 2276 1801 λευκότερον
2328 1710 2658 1802 γένοιτο,
2712 1704 2904 1783 οὔτ’,
2937 1707 3028 1781 οἷν

811 1813 1103 1905 οὶνέμῳι
1085 1814 1285 1885 θέειν
1336 1806 1635 1903 ὅμοιον·
1692 1807 1879 1906 αὕτη
1920 1813 2180 1901 μέντοι
2223 1808 2270 1907 ἦ
2319 1806 2695 1908 υπερβολη
2737 1814 3023 1908 ἐξαιρέ-

812 1945 949 1997 τως
985 1908 1427 2006 ὀνομαζεται
1462 1907 1840 1993 ἀδύνατος.
1945 1914 2039 1982 Et
2062 1915 2376 2006 profecto
2417 1914 2672 2007 duplex
2714 1924 2817 1984 est
2845 1915 3026 1984 istius

812 2019 1145 2089 divisionis
1173 2017 1436 2085 vitium:
1489 2038 1729 2100 unum,
1783 2017 2019 2106 quod
2002 2040 2080 2086 us
2111 2041 2286 2107 quae
2315 2019 2463 2100 fieri
2490 2029 2840 2108 nequeunt
2869 2018 3027 2086 nihil

814 2145 1169 2192 commune
1211 2129 1314 2188 est
1346 2141 1500 2188 cum
1536 2120 1857 2190 similibus
1890 2130 1959 2189 et
1990 2123 2426 2213 comparatis:
2478 2121 2788 2205 alterum,
2839 2120 3026 2212 quod

812 2229 986 2296 haec
1025 2226 1164 2296 duo
1209 2245 1416 2291 unum
1448 2235 1633 2309 sunt,
1685 2224 1842 2314 quia
1874 2226 2295 2316 comparatio
2329 2225 2395 2294 in
2439 2233 2729 2315 utroque
2769 2234 2913 2312 est,
2962 2224 3028 2292 in

814 2333 1028 2400 altero
1072 2325 1453 2421 parilitatis,
1505 2327 1574 2395 in
1615 2326 1828 2397 altero
1869 2328 2353 2419 superationis:
2421 2327 2626 2417 quod.
2656 2350 2791 2396 non
2827 2328 3027 2410 ‚latuit

816 2435 1212 2526 scriptorem
1241 2430 1732 2498 rhetoricorum
1763 2430 1851 2498 ad
1877 2431 2316 2502 Herennium.
2371 2430 2818 2518 Quintilianus
2835 2425 2910 2526 §.
2927 2427 3026 2498 68

815 2536 1055 2609 -zu
1112 2533 1427 2624 exempla
1477 2533 1757 2622 quidem
1803 2533 1916 2603 ille
1963 2536 2190 2628 potius
2226 2558 2432 2627 quam
2465 2536 2706 2604 iustam
2750 2533 3023 2604 divisio-
3129 2595 3136 2600 .

788 2664 975 2710 nem
1016 2639 1182 2707 dare
1229 2638 1460 2705 volens
1476 2686 1498 2724 ‚
1548 2638 1849 2728 quinque
1890 2661 2146 2732 genera
2187 2640 2764 2710 commemoravit:
2820 2661 3026 2729 quum

817 2746 972 2837 plus
999 2743 1181 2824 facto
1221 2740 1575 2824 diceretur,
1618 2763 1827 2830 quum
1862 2765 1970 2811 res
1995 2767 2124 2835 per
2158 2744 2650 2814 similitudinem
2681 2743 3022 2813 attollere-

816 2858 925 2917 tur
947 2893 970 2932 ‚
1021 2867 1230 2936 quum
1279 2863 1403 2935 per
1445 2845 2056 2936 comparationem,
2110 2847 2562 2940 quumksignis
2602 2845 3025 2937 quibusdam,

818 2973 1028 3042 quum
1079 2947 1526 3017 translatione.
1570 3024 1575 3031 ,
1631 2948 1826 3018 Haec
1891 2960 1960 3019 et
2016 2951 2254 3019 similia
2302 2951 2419 3041 qui
2469 2950 2781 3020 attentius
2829 2950 3025 3019 fuerit

818 3054 1310 3149 contemplatus
1327 3102 1347 3133 ,
1397 3072 1536 3119 non
1580 3074 1838 3144 genera
1866 3053 2126 3123 diversa
2149 3055 2574 3147 hyperbolae
2603 3077 2755 3123 esse
2784 3054 3025 3122 intelli-

818 3169 972 3252 get‚
1024 3157 1148 3227 sed
1177 3154 1704 3225 consociationes
1746 3153 2176 3249 hyperbolae
2214 3179 2370 3225 cum
2404 3158 2545 3227 aliis
2576 3157 2899 3225 orationis
2933 3158 3024 3224 fi-

818 3263 1023 3356 guriS.
1130 3258 1525 3328 Aristoteles
1576 3259 1647 3327 in
1698 3259 1870 3330 rhet.
1918 3260 2037 3328 111.
2085 3259 2204 3345 ll,
2262 3259 2382 3331 15.
2437 3260 2649 3330 omnis
2692 3260 3026 3353 probatae

818 3363 1243 3457 hyperbolae
1277 3371 1583 3430 naturam
1613 3362 1685 3431 in
1727 3363 2156 3432 translatione
2195 3363 2462 3434 videtur
2500 3364 2843 3456 posuisse:
2899 3360 3028 3436 εἰσὶ

822 3473 900 3542 δὲ
949 3468 1069 3540 καὶ
1134 3462 1657 3556 redonavimus
1717 3461 2116 3559 ὑπερβολαὶ
2164 3466 2610 3563 μεταφοραί.
2725 3468 2837 3536 Ac
2873 3488 3028 3536 sane

814 3569 1214 3641 transfertur
1254 3569 1326 3636 in
1372 3567 1552 3636 omni
1594 3568 1979 3660 hyperbole
2028 3569 2283 3660 aliquid
2323 3594 2410 3640 ex
2448 3568 2578 3639 alia
2616 3592 2693 3638 re
2742 3571 2813 3638 in
2857 3592 3029 3648 eam,

819 3696 1026 3766 quam
1067 3673 1191 3740 ista
1231 3671 1615 3739 accessione
1657 3673 2052 3745 extollimus,
2159 3673 2305 3743 Sed
2353 3675 2613 3743 formae
2666 3673 2722 3741 si
2759 3673 3029 3753 ‚discer-

820 3776 1082 3846 nendae
1113 3784 1279 3844 sunt
1304 3772 1723 3867 hyperboles
1742 3826 1762 3856 ,
1813 3797 1953 3844 non
1993 3785 2096 3845 est
2135 3799 2177 3844 a
2203 3776 2488 3847 fortuitis
2528 3777 2701 3846 notis
2731 3777 3030 3869 petenda

821 3879 1198 3950 differentia
1214 3927 1237 3962 ‚
1289 3900 1577 3967 quarum
1620 3877 1873 3947 infinita
1904 3879 2259 3948 multitudo
2298 3891 2368 3949 et
2400 3882 2686 3950 varietas
2719 3892 2860 3950 est:
2911 3903 3028 3950 ve-

820 4006 969 4054 rum
999 3984 1146 4074 ipsa
1181 3980 1546 4051 videndum
1588 3992 1824 4051 natura
1868 3981 2288 4079 hyperboles
2329 4007 2497 4074 quas
2536 3984 2647 4052 vel
2698 3984 3029 4054 contineat

820 4088 929 4156 vel
958 4085 1264 4155 admittat
1297 4083 1736 4158 diversitates.
1949 4108 1957 4114 ·

1026 4186 1269 4256 Paucis
1296 4210 1628 4257 summam
1656 4190 1755 4258 rei
1779 4189 2173 4281 complexus
2208 4198 2311 4258 est
2340 4189 2789 4274 Quintilianus
2810 4182 2885 4283 §.
2909 4184 3021 4255 76.

821 4294 973 4386 qui,
1028 4301 1179 4361 tvm
1209 4299 1362 4377 est,
1411 4291 1660 4383 inquit,
1712 4289 2109 4386 hyperbole
2137 4293 2406 4380 virtus,
2454 4314 2668 4385 quum
2704 4312 2829 4361 res
2866 4291 3024 4385 ipsa

822 4400 917 4467 de
975 4417 1121 4489 qua
1170 4395 1610 4487 loquendum
1666 4405 1778 4468 est
1834 4397 2258 4467 naturalem
2318 4396 2621 4465 modum
2676 4393 3018 4465 excessit:

808 4498 1253 4570 ‘conceditur
1296 4499 1486 4569 em’m
1539 4500 1855 4593 amplius
1907 4500 2193 4599 dicere,
2264 4499 2438 4593 quia
2481 4498 2637 4569 dica·
2674 4508 3015 4592 quantum
