3259 5275
798 441 930 504 304
1066 437 1165 498 DE
1210 383 1870 497 mscnwrtomssvs
1917 435 2370 511 QvussvsDAM
2415 437 2761 500 GRAECIS.

800 629 1087 700 certiora
1137 648 1341 718 quam
1396 624 1650 694 factum
1703 635 1879 698 esset
1927 650 2135 719 posse
2186 626 2437 703 afferri.
2546 629 2708 723 Ipsa
2756 654 2887 723 per
2941 655 3013 700 se

798 732 1143 824 inscriptio
1194 753 1328 798 non
1387 730 1618 822 magni
1673 730 1872 821 pretii
1918 739 2051 818 est,
2119 732 2245 801 sed
2301 742 2526 802 tamen
2592 755 2730 803 non
2786 745 3018 803 conte-

800 836 1123 923 mnenda,
1201 834 1360 924 quia
1408 833 1618 901 babet
1681 833 2018 924 quaedam
2073 836 2280 909 utilia.
2384 838 2749 906 Praeterea
2803 839 3019 931 aptis..

800 944 966 1011 sima
1019 947 1123 1009 est
1181 937 1272 1006 ad
1316 937 1858 1024 monstrandum,
1940 937 2107 1029 quid
2160 939 2584 1028 faciendum,
2661 941 2832 1033 quid
2886 965 3022 1010 non

801 1044 1187 1114 faciendum
1238 1041 1322 1110 sit
1340 1092 1362 1128 ‚
1439 1042 1494 1109 si
1544 1042 1695 1131 quis
1744 1041 2212 1133 inscriptiones
2266 1044 2687 1116 considerate
2737 1046 2908 1113 velit
2960 1054 3024 1113 et

799 1151 978 1217 iusto
1030 1169 1187 1215 cum
1232 1167 1544 1214 successu
1603 1153 1914 1213 tractare.
1988 1146 2221 1232 Quare
2271 1170 2525 1240 operae
2576 1148 2872 1242 pretium
2917 1149 3023 1217 fa-

804 1262 1031 1320 cturus
1078 1249 1244 1320 mihi
1282 1248 1542 1338 videor,
1596 1249 1653 1316 si
1691 1248 1782 1317 de
1818 1249 2250 1342 inscriptione
2281 1251 2414 1340 illa,
2451 1253 2806 1345 perpensis
2848 1275 3023 1343 quae

799 1355 1125 1424 hactenus
1163 1353 1364 1421 allata
1415 1359 1589 1437 sunt,
1634 1353 2024 1445 explicatius
2058 1376 2412 1447 exponam.
2482 1355 2838 1447 Simulque
2887 1356 3023 1424 hoc

805 1483 914 1529 me
967 1455 1368 1526 effecturum
1420 1477 1622 1549 spero
1637 1506 1657 1542 ‚
1711 1466 1786 1525 ιιι
1834 1456 2237 1526 Welckerus
2288 1459 2435 1551 ipse
2485 1459 2852 1553 intelligat,
2909 1483 3021 1538 me

805 1562 893 1630 de
945 1561 1118 1630 libro
1180 1561 1322 1629 eius
1373 1560 1444 1628 in
1495 1583 1779 1628 censura
1834 1560 1948 1629 illa
2000 1583 2222 1651 neque
2287 1563 2513 1652 inique
2576 1586 2703 1631 nec
2771 1562 3024 1655 cupide

763 1666 1167 1751 ·iudicasse‚
1242 1665 1624 1755 librumque
1676 1663 1864 1732 illum
1930 1666 1985 1733 si
2037 1665 2185 1754 quis·
2237 1673 2454 1735 totum
2504 1666 2637 1755 sic,
2707 1666 2806 1735 uti
2843 1689 3023 1735 nunc

804 1793 939 1838 una
978 1769 1047 1837 in
1095 1768 1524 1860 inscriptione
1561 1766 1831 1855 faciam,
1882 1791 2288 1860 percensere
2340 1770 2649 1855 voluerit,
2702 1791 2840 1838 non
2896 1770 3022 1838 de·

804 1874 1099 1941 futuram
1158 1894 1306 1940 esse
1373 1871 1724 1939 materiam
1776 1872 2278 1942 confirmandae
2329 1896 2533 1964 quam
2584 1873 3023 1967 pronunciavi

804 1974 1186 2046 sententiae.

971 2079 1309 2172 Apertum
1333 2086 1438 2147 est
1476 2078 1544 2147 in
1571 2076 1984 2170 explicandis
2018 2079 2559 2172 inscriptionibus
2601 2088 2757 2149 ante
2796 2080 3023 2148 omnia

806 2185 894 2252 de
946 2183 1021 2252 iis
1065 2205 1243 2273 quae
1294 2191 1568 2251 externa
1623 2181 1907 2251 dicimus
1977 2183 2441 2272 quaerendum
2506 2207 2686 2253 esse:
2767 2206 2905 2275 qua
2955 2185 3021 2251 in

804 2299 982 2356 terra
1032 2287 1301 2354 inventa
1353 2286 1437 2354 sit
1485 2286 1871 2379 inscriptio;
1923 2309 2062 2376 quo
2106 2287 2261 2354 loco
2312 2288 2570 2380 posita3
2622 2285 2789 2379 quid
2844 2288 3022 2356 circa

804 2414 956 2461 eam
1006 2390 1247 2472 fuerit3
1301 2389 1466 2480 quid
1515 2400 1787 2483 praeter
1836 2389 2057 2481 ipsam
2097 2401 2534 2460 monumento
2582 2390 3017 2477 contineatur,

803 2517 964 2563 num
1014 2503 1267 2578 statua,
1345 2514 1429 2560 an
1479 2493 1751 2586 imago,
1832 2502 1903 2561 et
1952 2515 2035 2561 ea
2089 2494 2275 2563 cuius
2325 2495 2456 2578 rei3
2534 2493 2782 2563 deiude
2848 2495 3018 2563 inte-

804 2620 1094 2692 grumne
1148 2597 1232 2666 sit
1283 2618 1367 2665 an
1418 2598 1829 2685 mutilatum,
1920 2605 1988 2665 et
2057 2619 2197 2687 quo
2263 2597 2472 2667 modo
2523 2598 2822 2682 laesum3
2891 2619 3018 2692 po·

803 2712 1051 2771 stremo
1095 2702 1247 2794 ipsa
1296 2702 1626 2795 scriptura
1678 2711 1750 2770 et
1800 2700 2129 2794 quidquid
2180 2700 2271 2768 ad
2323 2725 2474 2771 eam
2523 2703 2817 2796 pertinet
2885 2724 3020 2792 quo

802 2805 1011 2874 modo
1063 2805 1147 2873 sit
1196 2814 1681 2898 comparatum.
1784 2805 1965 2872 Hinc
2034 2805 2273 2872 merito
2325 2829 2532 2899 aegre
2583 2806 2865 2874 ferimus
2881 2855 2903 2891 ,
2967 2805 3020 2873 si

802 2908 1049 2978 horum
1093 2907 1382 2998 aliquid,
1426 2932 1564 2999 quo
1615 2910 1795 2976 forte
1846 2908 1944 2976 uti
1991 2930 2383 3000 possemus,
2434 2931 2571 2978 non
2622 2916 2721 2978 est
2759 2907 3020 2977 indica-

802 3024 944 3082 tum
965 3065 985 3101 ‚
1051 3013 1480 3104 maximeque
1532 3012 1721 3105 quod
1770 3011 1861 3080 ad
1911 3011 2285 3104 scripturae
2336 3021 2405 3081 et
2453 3012 2824 3081 litterarum
2878 3012 3020 3079 for-

804 3139 986 3186 mam
1037 3117 1289 3185 attinet.
1371 3118 1549 3185 Nam
1589 3117 1644 3185 si
1684 3116 2053 3184 litterarum
2116 3116 2287 3185 aliae
2338 3117 2638 3209 figurae,
2706 3137 3022 3185 versuum

805 3221 975 3289 aliae
1029 3220 1423 3304 divisiones,
1496 3220 1984 3289 vocabulorum
2037 3218 2165 3287 alia
2219 3219 2561 3288 scribendi
2610 3221 2783 3288 ratio
2841 3218 3020 3288 exbi-

802 3324 1042 3410 betur,
1093 3323 1362 3392 vacillat
1410 3324 1611 3392 firmo
1663 3322 2102 3391 fundamento
2162 3322 2480 3392 destituta
2525 3346 2744 3417 opera
2788 3322 3019 3392 critici.

803 3426 932 3496 Cui
999 3449 1208 3517 quum
1275 3428 1607 3497 rarissime
1675 3427 2024 3521 contingat
2071 3436 2147 3495 ut
2194 3428 2344 3521 ipsa
2397 3436 2550 3496 ante
2604 3427 2842 3495 oculos
2896 3425 3022 3494 ha·

802 3531 966 3599 beat
1034 3540 1504 3619 monumenta,
1582 3531 1989 3623 plerumque
2040 3538 2265 3600 autem
2317 3530 2643 3622 exemplis
2693 3528 3022 3598 imitando

807 3634 1019 3725 captis
1063 3634 1174 3731 rel
1223 3635 1705 3704 narrationibus
1757 3634 1969 3704 fidem
2017 3634 2274 3704 habere
2317 3634 2600 3704 debeat:
2653 3632 3022 3725 religiosis·

807 3737 973 3805 sime
1027 3760 1261 3806 curare
1329 3746 1641 3832 oportet,
1707 3739 1826 3829 qui
1875 3747 2063 3807 recte
2115 3733 2443 3807 disserere
2496 3737 2585 3806 de
2636 3736 3023 3830 inscriptio-

807 3839 1000 3908 nibus
1040 3842 1201 3925 vnlt‚
1253 3848 1327 3909 ιιι
1377 3841 1469 3913 ad
1517 3842 1819 3935 primum
1870 3851 1941 3910 et
1970 3843 2410 3911 certissimum
2454 3849 2523 3910 et
2572 3840 2867 3910 maxime
2917 3839 3020 3908 in-

806 3951 1079 4035 teg-rum
1138 3944 1401 4013 fontem
1451 3944 1711 4019 redeat.
1818 3945 2028 4034 Quod
2060 3945 2115 4014 si
2168 3946 2659 4039 circumspecte
2689 3955 2899 4034 atque
2949 3951 3022 4011 ut

805 4045 1216 4137 persuadeat
1265 4048 1406 4116 aliis
1472 4049 1854 4144 procedere
1895 4050 2114 4134 volet,
2177 4051 2330 4144 ipse
2394 4050 2621 4143 primo
2674 4047 2775 4117 sic
2828 4045 3020 4115 exhi-

805 4149 997 4218 bebit
1045 4150 1572 4242 inscriptionem,
1620 4160 1697 4221 ut
1747 4152 1992 4241 omnia,
2045 4176 2221 4244 quae
2267 4153 2359 4222 ad
2408 4151 2729 4221 iudicium
2769 4150 3014 4229 facien·

806 4252 972 4324 dum
1038 4254 1292 4343 aliquid
1352 4255 1676 4324 momenti
1724 4256 2053 4343 habeant,
2120 4279 2327 4347 quam
2375 4255 2766 4348 plenissime
2817 4262 3015 4342 atque

803 4358 1303 4429 evidentissime
1368 4367 1524 4429 ante
1589 4359 1825 4428 oculos
1887 4370 2245 4453 ponantur.
2351 4358 2434 4428 ld
2505 4380 2667 4428 vero
2733 4380 2779 4426 a
2826 4354 3012 4423 Wel-

760 4460 1011 4531 ·ckero
1062 4472 1417 4556 tantopere
1468 4465 1857 4563 neglectum
1909 4472 2044 4551 est,
2107 4473 2184 4532 ut
2234 4463 2491 4553 forma,
2555 4484 2696 4554 qua
2743 4458 2879 4528 boc
2926 4455 3008 4525 de
