3259 5275
795 497 921 559 190
1464 495 1581 556 DE
1650 496 2188 557 PARTICVLA
2247 493 2342 561 ἄν

1001 683 1361 753 Caeterum
1385 684 1559 754 haec
1590 686 1851 755 iteratio
1882 688 2254 779 particulae
2283 689 2353 757 in
2378 690 2609 783 primis
2643 691 2873 760 usitata
2895 703 2980 761 est

643 806 652 818 ·
797 789 1054 859 Atticis.
1159 789 1405 857 Rarius
1460 790 1790 857 invenitur
1843 791 2029 884 apud
2078 792 2539 881 Herodotum,
2609 818 2762 863 raro
2816 796 2981 888 apud

796 894 1064 986 epicos,
1117 900 1190 958 ut
1226 888 1476 983 odyss,
1503 897 1564 966 δ.
1599 892 1771 965 733.

995 1042 1103 1138 τῷ
1150 1072 1228 1118 κε
1277 1038 1458 1138 μάλ’
1512 1045 1559 1144 ἦ
1609 1075 1729 1121 κεν
1782 1049 2039 1141 ἔμεινε.

792 1198 937 1269 Sed
985 1200 1162 1292 epici
1206 1198 1388 1268 aliud
1428 1201 1549 1268 sibi
1586 1202 1945 1294 proprium
1985 1201 2240 1272 habent
2259 1251 2280 1288 ‚
2346 1212 2422 1272 ut
2461 1204 2863 1299 coniungant
2905 1204 2985 1280 ἄν

789 1329 927 1376 κεν.
1030 1302 1220 1373 Iliad.
1254 1330 1312 1375 v.
1344 1301 1518 1376 127.

1122 1455 1206 1537 ἅς
1259 1452 1425 1529 οὔτ’
1478 1454 1570 1529 ἄν
1619 1486 1739 1533 κεν
1779 1459 2010 1557 Ἀρης
2061 1452 2410 1534 ὀνόσαιτο
2460 1452 2874 1555 μετελθών,

997 1557 1172 1632 οὔτε
1200 1555 1272 1631 κ’
1301 1556 1668 1659 Ἀθηναίη
1704 1557 2075 1645 λαοσσόος.

792 1711 989 1799 Quae
1014 1721 1206 1805 patet
1235 1711 1326 1781 ob
1363 1716 1741 1806 negationis
1777 1717 2230 1787 accessionem
2260 1739 2408 1787 esse
2444 1718 2816 1786 coniuncta.
2885 1717 2986 1787 Sic

787 1818 989 1886 etiam
1025 1814 1381 1910 Oppianus
1408 1818 1568 1892 Hal.
1602 1820 1721 1890 lv.
1756 1818 1929 1889 6⁰2.

2202 1970 2375 2048 οὐδέ
2396 2000 2516 2047 κεν
2544 1971 2642 2046 ἄν
2679 2000 2790 2055 τις

986 2072 1244 2173 ἐσβαίη.

786 2228 867 2300 V.
894 2225 1067 2301 367.
2253 2224 2430 2303 οὐδέ
2448 2255 2569 2303 κεν
2598 2226 2693 2302 ἄν
2717 2258 2795 2303 τι

990 2375 1393 2473 οἱντόμενοι
1425 2382 1828 2480 τρέσσειαν.

784 2536 1095 2627 Scriptor
1123 2534 1544 2604 Lithicorum
1571 2559 1635 2608 v,
1665 2534 1837 2607 247.

990 2684 1167 2763 οὐδέ
1186 2716 1309 2763 κεν
1338 2687 1431 2763 ἂν
1463 2688 1705 2789 γνοίης
1732 2692 1939 2788 κέρας
1972 2686 2259 2788 ᾰτρεκὲς
2288 2689 2337 2790 ἢ
2366 2689 2575 2776 λίθος
2603 2692 2822 2768 ἐστίν.

782 2844 878 2913 Et
913 2841 1060 2923 πῶς
1102 2869 1223 2915 κεν
1272 2841 1364 2915 ἄν
1407 2842 1747 2912 Maximus
1785 2868 1849 2917 v.
1889 2843 2059 2914 277.
2107 2853 2175 2912 et
2203 2842 2320 2917 καὶ
2365 2840 2438 2918 δ’
2487 2844 2580 2921 ἄν
2609 2876 2689 2922 κε
2730 2871 2792 2917 v.
2828 2843 2981 2938 303.

785 2948 967 3035 Quin
1004 2947 1207 3015 etiam
1239 2969 1394 3015 cum
1422 2948 1846 3016 coniunctivo
1880 2950 1973 3016 ita
2002 2950 2417 3040 coniungunt
2445 2948 2539 3022 ἄν
2571 2979 2722 3042 κεν,
2773 2962 2846 3020 ut
2869 2952 2986 3019 hae

780 3052 1154 3145 particulae
1179 3074 1312 3143 pro
1343 3074 1476 3119 una
1509 3052 1674 3138 sint,
1729 3050 1917 3141 quod
1953 3074 2036 3119 eo
2079 3052 2335 3119 factum
2370 3063 2573 3144 puto,
2628 3058 2784 3146 quia
2813 3082 2886 3127 κε
2915 3075 2987 3122 ex

779 3155 901 3229 καὶ
927 3165 1160 3224 natum
1189 3163 1306 3223 est.
1411 3154 1753 3224 Homerus
1787 3155 2064 3245 quidem
2090 3155 2159 3222 in
2199 3155 2491 3226 formula
2539 3155 2721 3255 ὄφρ’
2752 3157 2843 3231 ἄν
2864 3160 2986 3252 μέν

780 3287 918 3333 κεν.
974 3258 1166 3331 Iliad.
1200 3263 1264 3331 λ.
1297 3255 1469 3328 ΙΒΊ.

986 3406 1167 3508 ὄφρ’
1200 3408 1291 3483 ἄν
1327 3413 1465 3503 μέν
1501 3438 1623 3484 κεν
1655 3407 1798 3509 6ρᾷ
1828 3405 2388 3504 Ἀγαμέμνονα,
2441 3415 2758 3509 ποιμένα
2787 3413 2979 3489 λαῶν.

778 3564 956 3633 Vide
997 3561 1134 3633 od.
1168 3593 1224 3638 ε.
1260 3560 1433 3635 361.
1477 3572 1527 3650 ζ.
1560 3561 1732 3633 259.
1840 3565 1957 3634 Sic
1991 3563 2080 3660 ἦν
2106 3593 2221 3650 κε,
2276 3559 2454 3664 ἐπήν
2494 3596 2575 3642 κε
2608 3580 2978 3639 construxe-

778 3678 934 3736 runt
955 3668 1353 3759 Apollonius
1379 3667 1715 3752 Rhodius,
1744 3667 2174 3752 Theocritus,
2210 3668 2568 3741 Manetho.
2620 3673 2705 3741 V.
2737 3672 2980 3742 Schae-

779 3772 907 3845 fer.
952 3772 1041 3840 ad
1073 3771 1370 3843 Theocr.
1406 3771 1689 3840 xxvll.
1724 3766 1843 3838 35.
1909 3772 2086 3841 Illud
2130 3766 2308 3869 ἐπήν
2355 3801 2478 3847 κεν
2519 3775 2978 3847 restituendum

780 3876 1018 3946 Soloni
1049 3875 1233 3968 apud
1264 3875 1705 3944 Plutarchum
1741 3877 1811 3944 in
1832 3875 1988 3944 Vita
2023 3877 2162 3944 eius
2190 3898 2248 3944 c.
2281 3875 2353 3950 2,

986 3979 1286 4047 Multum
1317 3979 1404 4046 ab
1449 3977 1553 4046 his
1586 3978 1817 4048 differt
1842 3980 2258 4073 geminatum
2291 3978 2383 4053 ἄν
2399 4032 2420 4069 ,
2475 3981 2663 4071 quod
2703 3980 2975 4050 Elmsle-

780 4085 880 4151 ius
917 4082 1007 4150 ad
1031 4082 1358 4173 Aeschyli
1392 4083 1620 4155 Prom.
1659 4080 1836 4156 768.
1880 4085 2026 4152 iure
2057 4083 2332 4177 negavit
2374 4086 2792 4155 coniunctivo
2826 4105 2976 4151 con·

779 4185 1037 4257 sociari.
1147 4183 1291 4253 Cur
1335 4185 1551 4254 vero?
1617 4186 1831 4273 Quia,
1895 4197 1970 4254 ut
2018 4189 2192 4258 libro
2238 4188 2324 4259 11.
2368 4189 2808 4273 ostendimuS,
2875 4186 2974 4255 hic

780 4288 1024 4357 modus
1056 4288 1251 4357 verbi
1280 4310 1417 4356 non
1455 4310 1584 4380 per
1623 4313 1700 4358 se
1744 4290 2056 4360 adsciscit
2086 4289 2216 4375 ἄν,
2269 4292 2393 4361 sed
2444 4292 2536 4365 ἂν
2576 4293 2860 4385 pertinet
2896 4286 2973 4356 ad

779 4414 1019 4461 vocem
1056 4414 1140 4460 ex
1169 4415 1306 4482 qua
1331 4393 1591 4484 pendet
1623 4395 2096 4465 coniunctivus.
2202 4395 2421 4465 Huius
2449 4397 2635 4465 vocis
2664 4418 2744 4465 ea
2767 4393 2972 4487 parti-

781 4496 932 4566 cula
979 4497 1422 4590 significatum
1471 4520 1680 4589 quum
1721 4507 1936 4568 mutet
1949 4550 1970 4587 ,
2034 4498 2197 4567 nihil
2244 4509 2346 4569 est
2388 4501 2457 4569 in
2509 4501 2626 4570 tali
2674 4495 2970 4572 sententia
