3259 5275
717 423 722 428 ’
753 444 886 509 882
1301 438 1406 502 DE
1445 437 1613 502 ΜΕΝ
1612 435 1815 502 szA
1849 437 2297 518 VTRIVSQVE
2332 438 2433 507 ἄν.

872 677 881 686 ·
962 630 1087 704 IX.
1137 628 1335 726 (VI.)
1399 631 1482 726 Iu
1511 630 1753 701 Rheso
1781 628 2049 702 mmo.
2093 632 2391 704 ‘Aldinaz

1067 781 1234 860 ἀλλ’
1268 788 1339 858 εἰ
1364 778 1691 882 xpum-0⁸1¹
1721 780 1942 879 λόχον
1971 780 2306 869 εἰςπεσαῗν

1071 900 1412 998 διόλωλε,
1465 898 1641 999 τάχ’
1675 906 1767 980 ἂν
1803 909 1913 1004 εἴη
1947 900 2294 1005 φοβερόν.

760 1081 1103 1168 Quattuor
1136 1078 1342 1153 codd.
1383 1073 1549 1152 ἀλλ’
1577 1076 1628 1177 ἤ
1643 1103 1664 1163 ;
1717 1077 1859 1147 duo
1891 1074 2054 1153 ἀλλ’
2087 1073 2175 1174 ἧς
2221 1077 2465 1149 deinde
2489 1100 2662 1147 unus
2692 1079 2789 1158 εἰς
2813 1077 2981 1153 παί-

761 1211 910 1266 σας.
1013 1184 1093 1252 In
1128 1184 1340 1252 altero
1388 1205 1589 1251 versu
1625 1192 1853 1252 autem
1895 1182 2032 1252 duo
2075 1180 2452 1271 διόλωλεν,
2515 1206 2689 1251 unus
2738 1179 2980 1270 ὄλωλε,

761 1287 900 1356 duo
938 1280 1314 1371 διώλεσεν,
1368 1295 1437 1354 et
1482 1296 1645 1378 post
1687 1280 2010 1383 φοβερόν
2057 1295 2195 1355 tres
2235 1286 2497 1356 addunt
2538 1314 2698 1380 μοι.
2803 1285 2983 1355 Tam

757 1391 1140 1484 perturbati
1168 1390 1303 1459 loci
1332 1390 1708 1483 perexigua
1731 1389 1823 1458 ad
1854 1389 2290 1482 probandum
2339 1392 2437 1461 vis
2489 1400 2611 1463 est.
2714 1390 2888 1461 Sunt
2911 1391 2984 1458 hi

763 1495 902 1564 duo
951 1515 1214 1581 versuS,
1266 1502 1343 1561 ut
1375 1493 1705 1586 strophici
1736 1503 2145 1582 monstrant,
2213 1494 2582 1565 acatalecti.
2687 1496 2849 1563 Non
2887 1504 2985 1564 est

762 1608 991 1667 autem
1033 1599 1420 1685 obscurum,
1458 1620 1597 1666 non
1623 1610 1798 1691 opu's
1836 1621 1982 1668 esse
2013 1599 2149 1667 dici
2178 1592 2338 1691 τάχ’
2368 1597 2461 1674 ἂν
2496 1600 2603 1696 εἴη
2636 1593 2984 1697 φοβερόν,

760 1725 974 1793 quum
1030 1725 1200 1770 unus
1251 1703 1575 1789 militum,
1650 1703 1769 1793 qui
1816 1702 1913 1771 ibi
1960 1703 2132 1772 inter
2194 1726 2269 1772 se
2322 1702 2832 1792 colloquuntur,
2895 1702 2984 1771 de

760 1808 969 1900 longa
993 1806 1295 1875 absentia
1325 1806 1767 1899 exploratoris
1799 1806 2115 1877 sollicitus
2143 1806 2354 1876 modo
2383 1806 2659 1876 dixerit:

1063 1959 1355 2057 ταρβῶ·
1408 1953 1696 2058 χρόνιος
1727 1953 1866 2058 γάρ
1908 1958 2234 2035 ἄπεστιν.

760 2116 1002 2205 ltaque
1018 2163 1039 2200 ,
1115 2115 1435 2206 quoniam
1489 2115 1622 2183 iam
1674 2114 1767 2182 ad
1811 2114 2179 2184 diluculum
2224 2115 2444 2208 vergit
2489 2136 2660 2203 uox,
2718 2124 2796 2184 ut
2837 2123 2982 2184 orta

760 2221 915 2291 luce
944 2219 1110 2310 quid
1142 2219 1242 2287 rei
1271 2219 1353 2286 sit
1382 2218 1731 2310 cognitum
1771 2219 1854 2287 iri
1885 2228 2228 2313 speretur,
2279 2220 2348 2290 iu
2389 2217 2655 2320 opusc.
2691 2219 2829 2291 vol.
2861 2219 2976 2288 111.

759 2347 834 2418 p.
864 2320 1038 2393 3⁰6.
1092 2321 1523 2392 scribendum
1552 2322 1818 2394 censui:

1072 2470 1236 2549 ἀλλ’
1268 2470 1316 2571 ἦ
1350 2470 1672 2575 κρυπτὸν
1705 2468 1925 2567 λόχον
1959 2473 2320 2559 εἰςπαίσας

1074 2587 1408 2680 διόλωλες
1460 2589 1630 2688 τάχ’
1666 2594 1756 2671 ἄν
1799 2591 1870 2671 δ’
1899 2597 2006 2696 εἴη
2052 2590 2393 2696 φανερόν.

637 2845 643 2853 ‚
761 2766 1289 2839 Perturbationis
1356 2789 1567 2857 quum
1631 2768 1859 2836 variae
1917 2770 2283 2862 excogitari
2361 2792 2639 2839 caussae
2704 2769 2977 2863 possint,

760 2895 902 2941 uua
930 2893 1161 2939 earum
1190 2869 1366 2939 haec
1400 2879 1538 2957 est,
1590 2880 1668 2940 ut
1699 2867 1747 2966 ἦ
1774 2871 1960 2970 veh}
1993 2872 2065 2941 iu
2100 2877 2169 2948 εἰ
2191 2873 2562 2965 depravato
2586 2925 2606 2961 ‚
2661 2868 2980 2970 φανερόν

760 2984 1092 3046 mutatum
1132 2974 1335 3042 fuerit
1377 2973 1447 3042 in
1491 2968 1840 3069 φοβερόν.
1944 2975 2090 3045 Sed
2135 2977 2464 3067 quidquid
2511 2977 2600 3046 de
2647 2976 2787 3045 hoc
2828 2976 2978 3044 loco

764 3080 1002 3170 aliquis
1053 3087 1297 3147 statuat
1313 3130 1333 3167 ‚
1405 3087 1634 3147 tamen
1691 3079 1862 3148 illud
1925 3080 2390 3150 confessurum
2445 3081 2770 3164 arbitror,
2848 3103 2980 3149 uon

764 3206 972 3276 posse
1008 3182 1145 3251 hoc
1175 3183 1489 3274 exemplo
1530 3183 2055 3275 productionem
2085 3187 2464 3276 particulae
2514 3185 2975 3258 demonstrari.

763 3288 947 3355 Nam
980 3286 1181 3354 etiam
1213 3287 1269 3355 si
1300 3287 1449 3377 quis
1478 3279 1805 3381 φοβερόν
1837 3288 2164 3358 tuendum
2195 3290 2494 3381 putabit,
2549 3289 2619 3355 in
2658 3298 2978 3381 promptu

767 3399 905 3477 est,
953 3398 1233 3482 poetam
1261 3390 1371 3457 vel
1400 3389 1832 3459 mediocriter
1857 3393 2294 3462 exercitatum
2325 3393 2734 3487 scripturum
2755 3393 2974 3479 fuisse,

765 3487 924 3585 τάχ’
961 3490 1052 3566 ἄν
1083 3521 1162 3566 τι
1195 3493 1405 3566 πέλοι
1439 3487 1784 3592 φοβερόν.

972 3680 1061 3748 Χ.
1128 3680 1343 3773 (ΠΙ.)
1405 3682 1487 3750 Iu
1539 3681 1905 3773 Sophoclis
1958 3681 2236 3750 Electra
2283 3704 2350 3755 v,
2390 3677 2565 3750 314.
2670 3680 2871 3751 Laur.
2907 3681 2970 3749 b.

765 3805 938 3852 unus
985 3782 1529 3856 Florentinorum
1600 3786 1790 3878 apud
1847 3785 2277 3855 Dindorfium
2297 3836 2320 3875 ‚
2399 3787 2585 3880 Aug.
2632 3785 2702 3854 b.
2768 3786 2972 3854 Palat.

765 3885 925 3956 Ald.
967 3895 1036 3955 et
1074 3888 1242 3994 aliae
1288 3888 1444 3958 edd.
1488 3899 1649 3963 vett.
1703 3890 1834 3959 sic:

1076 4051 1125 4147 ἦ
1155 4053 1227 4131 δ’
1260 4059 1353 4133 ἄν
1382 4056 1520 4155 ἐγώ
1551 4057 1942 4157 θαρσοῦσα
1975 4059 2257 4152 μᾶλλον
2288 4062 2357 4141 ἐς
2380 4051 2635 4152 λόγους

1078 4172 1253 4261 τοῦς
1286 4175 1454 4263 σούς
1490 4180 1824 4278 ἱκοίμην,
1877 4180 2079 4279 εἴπερ
2120 4175 2257 4255 ὦδε
2287 4175 2510 4255 ταῦτ’
2541 4180 2713 4270 ἔχει.

768 4349 1089 4418 Proxime
1139 4350 1406 4419 accedit
1446 4346 1495 4437 ἦ
1539 4349 1676 4426 δᾶν
1690 4407 1719 4443 ,
1774 4352 1963 4443 quod
2006 4354 2078 4423 in
2117 4353 2320 4423 Laur.
2364 4376 2425 4428 a.
2479 4351 2703 4444 prima
2747 4371 2972 4419 manus

772 4453 1072 4546 scripsit,
1154 4463 1225 4523 et
1262 4450 1384 4552 ἧδ’
1429 4453 1523 4529 ἄν
1586 4454 1956 4528 Florentini
1995 4460 2087 4533 Γ.
2203 4456 2349 4528 Sed
2401 4455 2698 4528 secunda
2747 4475 2972 4524 mauus
