3259 5275
796 1542 975 1632 DE
1070 1538 1946 1631 ARcfflMEms
2038 1534 2996 1627 PROBLEMATE

1571 1687 2251 1813 Bovm0.*)
2417 1675 2438 1692 ‘

1675 1986 2090 2001 ,ψ

729 2217 778 2287 3
802 2179 977 2314 Qui
1028 2216 1337 2286 eximiam
1393 2238 1680 2311 operam
1741 2191 2246 2311 epigrammatis
2307 2213 2730 2284 Graecorum
2786 2215 3003 2308 expli-

800 2321 1034 2390 candis
1070 2319 1433 2413 impendit,
1485 2322 1604 2395 Fr.
1638 2322 2018 2405 lacobsim,
2071 2322 2158 2389 ab
2191 2338 2277 2389 eo
2309 2318 2616 2387 dolemus
2644 2341 2853 2388 unum
2884 2342 3004 2387 ne-

796 2426 1098 2519 glectum
1136 2445 1283 2492 esse
1311 2424 1379 2491 in
1411 2425 1647 2517 primis
1677 2424 2115 2494 memorabile
2148 2423 2598 2515 epigramma,
2653 2422 2844 2512 quod
2873 2424 3005 2491 Ar-

800 2525 1095 2595 chimedi
1150 2526 1470 2596 tributum
1516 2529 1775 2621 primus
1829 2551 1869 2597 e
1927 2527 2164 2596 codice
2213 2525 2756 2617 Guelferbytauo
2797 2525 3008 2594 edidit

796 2629 1190 2722 Lessingius
1216 2630 1286 2698 in
1314 2632 1625 2721 symbola
1651 2630 1948 2702 secunda
1977 2630 2066 2700 ad
2098 2630 2447 2699 historiam
2474 2638 2541 2699 et
2568 2629 3006 2698 litteraturam

794 2757 868 2827 p.
895 2732 1067 2801 423.
1098 2757 1288 2824 seqq.
1336 2733 1473 2803 sive
1508 2734 1823 2827 Operum
1852 2735 1984 2805 vol.
2019 2735 2201 2803 XIV.
2233 2756 2304 2827 p.
2334 2732 2505 2802 232.
2541 2756 2731 2823 seqq.
2766 2734 3008 2802 iterum

798 2847 1024 2906 autem
1049 2837 1409 2930 vulgarunt
1436 2849 1589 2908 ante
1613 2839 1743 2908 hos
1762 2839 1910 2907 Vll.
1937 2861 2146 2907 annos
2167 2837 2440 2927 Struvii,
2490 2847 2685 2929 pater
2711 2845 2783 2906 et
2809 2838 3032 2925 filium,¹

796 2941 1090 3011 Altonae
1106 2989 1128 3027 ‚
1214 2943 1708 3012 commentariis
1775 2943 2192 3013 instructum.
2310 2939 2578 3010 Horum
2641 2950 2823 3009 tanta
2889 2941 3011 3009 fuit

799 3045 1099 3131 lascivia,
1151 3050 1227 3112 ut
1266 3066 1405 3115 non
1430 3047 1651 3115 solum
1692 3045 2127 3136 contemptim
2155 3043 2243 3112 de
2290 3066 2373 3111 eo
2408 3044 2760 3128 sentirent,
2815 3045 3011 3112 abiu-

801 3147 1236 3237 dicarentque
1264 3148 1353 3215 ab
1384 3148 1835 3234 Archimede,
1887 3147 2010 3217 sed
2036 3147 2237 3215 etiam
2264 3146 2543 3215 alteram
2573 3148 2712 3216 eius
2742 3158 3016 3240 partem

803 3251 891 3319 ab
923 3250 1213 3320 obscuro
1243 3253 1546 3340 quodam
1585 3252 1860 3321 homine
1891 3249 1981 3318 ad
2017 3248 2461 3320 ludificandos
2500 3249 3006 3319 mathematicos

801 3353 1244 3445 compositam
1293 3358 1761 3426 existimarent.
1879 3354 2210 3423 Nimirum
2252 3353 2346 3421 illi
2386 3375 2577 3422 more
2622 3354 3006 3437 multorum,

803 3457 919 3548 qui
946 3456 1345 3546 antiquitatis
1379 3461 1786 3530 monimenta
1811 3464 2118 3544 tractant,
2169 3456 2553 3547 vituperare
2579 3463 2650 3525 et
2675 3464 2753 3525 ut
2779 3458 3008 3551 inepta

802 3561 1079 3629 reiicere
1106 3563 1470 3655 quaeipsis
1496 3557 1871 3632 molestiam
1899 3568 2223 3645 crearent,
2277 3582 2482 3649 quam
2505 3568 2819 3629 accurate
2845 3583 3005 3653 per-

799 3664 1134 3756 vestigare
1161 3665 1557 3740 maluerunt.
1633 3667 1844 3760 Fugit
1882 3687 2000 3734 eos
2032 3662 2259 3732 nobile
2290 3662 2480 3756 apud
2505 3671 2766 3732 veteres
2802 3664 3005 3732 fuisse

801 3766 1224 3835 Archimedis
1284 3763 1674 3867 πρόβλημα
1727 3761 2061 3863 βοεικῶν,
2140 3765 2329 3856 quod
2385 3774 2485 3833 est
2544 3765 2712 3834 illud
2762 3766 3002 3858 ipsum,

803 3870 987 3938 cuius
1013 3869 1181 3936 ratio
1220 3873 1595 3940 continetur
1626 3873 1754 3940 isto
1782 3871 2291 3963 epigrammate.
2363 3869 2647 3937 Testem
2676 3869 3001 3938 habemus

738 4000 749 4005 ·
805 3970 1230 4039 scholiastam
1285 3975 1580 4044 Platonis
1634 3974 1725 4044 ad
1787 3972 2226 4044 Charmidem
2273 3994 2349 4064 p.
2405 3969 2579 4040 824.
2665 3970 2839 4063 (91.
2895 3971 2999 4041 ed.

802 4072 1078 4143 Ruhnk.
1086 4076 1255 4164 )qui
1268 4078 1362 4146 sic
1378 4079 1638 4148 scribitt
1674 4070 2092 4174 loyeovemi'
2057 4073 2210 4150 εστὶ
2228 4072 2504 4170 θεωρία
2518 4070 3001 4196 τωνοὶριθμη-

710 4200 717 4207 ·
801 4177 971 4264 τῶν,
1000 4173 1160 4269 οὐχι
1143 4176 1254 4253 δὲ
1290 4181 1439 4255 τῶν
1465 4176 1815 4279 ἀριθμῶν
1842 4171 2469 4276 μεταχειριστικῆ,
2502 4171 2592 4252 οὗ
2618 4171 2753 4253 ‘cdv
2785 4176 3001 4257 ὄντως

969 4478 1029 4566 *)
1077 4482 1248 4546 Edita
1279 4491 1369 4544 est
1409 4503 1463 4546 ι.
1511 4486 1697 4551 1828·
