3259 5275
716 501 845 566 lm
1385 500 1502 563 DE
1563 500 2115 565 PARTICVLA
2160 497 2259 570 ἃν

713 692 938 784 prima
967 691 1383 785 potissimum
1410 715 1705 787 persona
1723 694 2060 769 elucescit.
2116 692 2257 770 Od.
2287 721 2362 768 π.
2380 691 2557 769 383.
2609 695 2935 767 Antinous

713 795 1135 865 Telemacho
1169 795 1434 866 insidias
1469 796 1821 866 struendas
1854 821 2174 887 oensem,
2227 800 2318 868 ita
2347 799 2679 890 loquitur:

816 958 1003 1039 ᾰλλοῖ
1052 969 1400 1088 φθέωμεν
1452 965 1739 1051 ἑλόντες
1788 964 1911 1043 ἐπ
1963 965 2200 1065 ἀγροῦ
2257 963 2476 1065 νόσφι
2529 963 2831 1068 πόληος,

815 1066 863 1163 ἢ
915 1073 991 1142 ἐν
1046 1066 1227 1164 ὀδῷ·
1278 1071 1540 1165 βίοτον
1593 1068 1664 1146 δ’
1717 1068 1936 1145 αὐτοὶ
1987 1072 2106 1145 καὶ
2156 1067 2477 1169 κτήματ
2531 1074 2831 1164 ἔχωμεν,

818 1165 1264 1264 δασσάμενοι
1318 1202 1505 1247 κατα
1558 1181 1834 1274 μοῖραν
1885 1171 2014 1271 ἐφ
2073 1174 2325 1274 ημέας·
2380 1176 2575 1248 οἰκία
2627 1172 2701 1248 δ
2756 1170 2935 1250 αὖτε

814 1273 1055 1347 κείνου
1105 1277 1373 1375 μητέρι
1426 1282 1679 1369 δοῖμεν
1731 1279 1962 1369 ἔχειν,
2019 1274 2139 1374 ἠδ’
2192 1276 2380 1360 ὅςτις
2430 1273 2701 1352 ὀπυίοι.

711 1442 1132 1515 Coniunctivi
1178 1446 1722 1518 adhortationem
1770 1451 2148 1518 continent:
2215 1448 2436 1517 occidi
2485 1450 2665 1518 enim
2718 1450 2928 1519 Tele-

706 1548 1048 1633 machum,
1099 1571 1406 1644 opesque
1440 1553 1581 1622 eius
1611 1551 1839 1639 dividi,
1890 1553 1963 1622 id
1992 1563 2095 1621 est
2118 1551 2306 1644 quod
2331 1552 2539 1626 iubet.
2644 1552 2754 1621 De
2790 1555 2924 1622 Pe-

707 1653 957 1745 nelope
1013 1676 1178 1722 vero
1219 1656 1356 1723 iam
1397 1678 1533 1724 non
1585 1657 1924 1748 praecipit
1960 1656 2368 1776 quidquam,
2421 1656 2545 1724 sed
2583 1657 2924 1749 proponit,

702 1755 870 1845 quid
902 1756 1049 1825 fieri
1074 1744 1335 1850 cupiat.
1389 1760 1683 1828 domum
1715 1760 1946 1828 matra·
1971 1759 2122 1830 eius
2163 1760 2346 1830 dari
2372 1759 2605 1830 velim.
2661 1759 2922 1833 Iliado-

701 1857 1049 1929 45.1un0
1084 1862 1222 1929 lovi
1253 1861 1344 1930 de
1381 1863 1703 1955 Neptuno
1730 1861 1924 1933 dicit:

804 2025 1047 2129 αὐτάρ
1075 2058 1198 2106 τοι
1226 2060 1345 2105 και
1372 2031 1579 2155 κείνῳ
1613 2027 1753 2128 ἐγω
1777 2032 2460 2133 παραμυθησαίμην

806 2135 902 2232 τῇ
935 2136 1136 2230 ἴμεν,
1188 2131 1237 2233 ᾗ
1263 2164 1381 2209 κεν
1422 2129 1513 2234 δη
1541 2164 1660 2227 συ,
1714 2138 2157 2235 κελαινεφὲς,
2211 2162 2663 2234 ηγεμονευῃς.

718 2304 941 2374 Velim
978 2306 1090 2375 illa·
1114 2308 1458 2378 suadere.
1563 2308 1776 2394 Quod
1800 2331 1936 2377 non
1968 2318 2072 2378 est
2096 2309 2190 2377 ita
2233 2308 2617 2377 dubitanter
2643 2307 2919 2387 dictum,

698 2417 775 2478 ut
798 2410 852 2478 si
880 2408 972 2480 ἄν
1008 2419 1186 2478 esset
1214 2410 1518 2479 additum
1536 2459 1557 2495 ‚
1611 2433 1748 2502 qua
1771 2413 2103 2504 particula
2131 2412 2430 2481 conditio
2455 2412 2681 2502 aliqua
2712 2413 2919 2504 signi-

697 2513 1050 2601 ficaretur,
1100 2522 1176 2580 ut
1207 2515 1275 2581 in
1308 2513 1550 2583 eadem
1587 2516 1891 2585 oratione
1920 2539 1983 2582 v.
2018 2513 2139 2585 39.

802 2710 889 2780 ση
944 2680 1036 2759 θ
1087 2680 1246 2784 ἱερη
1296 2678 1614 2807 κεφαλή,
1666 2685 1787 2758 καὶ
1842 2692 2187 2808 νωΐτερον
2240 2687 2440 2777 λέχος
2500 2680 2744 2758 αὐτων

798 2785 1195 2884 κουρίδιον,
1248 2815 1335 2862 το
1376 2791 1514 2881 μὲν
1568 2814 1698 2861 ουκ
1742 2817 1836 2861 αν
1886 2781 2023 2883 ἐγω
2081 2815 2265 2862 ποτε
2313 2783 2486 2882 μοῖψ
2532 2780 2918 2880 ὀμόσαιμι.

699 2956 868 3028 Νοπ
925 2966 1194 3030 temere
1241 2960 1574 3032 iurarem
1592 3011 1614 3048 ‚
1683 2958 1829 3030 nisi
1869 2980 2056 3029 vera
2100 2958 2443 3030 dicerem
2545 2960 2625 3028 ln
2684 2961 2918 3052 primis

691 3072 929 3155 aptum
1011 3071 1113 3132 est
1180 3064 1341 3134 huic
1418 3065 1785 3136 discrimini
1854 3062 2248 3133 illustrando
2327 3062 2495 3132 illud
2562 3063 2918 3132 Theocriti

684 3163 1092 3236 xxlxwa‘c

795 3346 929 3393 νυν
957 3322 1095 3412 μὲν
1122 3316 1293 3418 κη’πὶ
1323 3349 1421 3394 τα
1448 3347 1718 3419 χρυσεα
1746 3316 1934 3415 μᾶλ
1965 3327 2200 3396 ἕνεκεν
2236 3321 2457 3394 σε’θεν

792 3423 1050 3546 βαίην,
1101 3424 1223 3498 καὶ
1254 3417 1578 3519 φύλακον
1608 3419 1876 3498 νεκυων
1904 3416 2090 3497 πεδοῖ
2118 3427 2540 3547 Κέρβερον·

794 3520 977 3599 τόκα
1010 3522 1082 3599 δ’
1116 3524 1286 3600 ου’δὲ
1320 3527 1709 3607 καλευντος
1733 3523 1856 3601 ἐπ
1886 3523 2203 3608 αὐλείαις
2231 3520 2496 3619 θύραις

791 3622 1252 3724 προμόλοιμί
1272 3657 1391 3720 κε,
1445 3622 1907 3723 παυσάμενος
1938 3630 2227 3722 χαλεποῖ
2255 3624 2491 3705 πόθω.

686 3780 1056 3850 Aeschines
1098 3805 1173 3874 p.
1216 3779 1390 3850 611.
1423 3778 1631 3873 (552.
1677 3777 1752 3878 §‚
1795 3780 2002 3875 218.)
2056 3775 2195 3877 ἐγω
2223 3775 2323 3911 δη
2370 3808 2542 3855 ουτε
2574 3809 2707 3864 τας
2745 3783 2908 3882 Δη-

686 3886 1099 3977 μοσθένους
1155 3880 1537 3981 διατριβαὶ
1583 3879 1935 3983 εζήλωκα,
1990 3883 2159 3960 οὔτ’
2203 3912 2318 3959 επι
2361 3886 2521 3967 ταῖς
2578 3885 2911 3979 ἐμαυτοῦ

854 4084 1010 4117 ’,ει

680 4189 1094 4290 μηγορήσας
1121 4186 1469 4291 ἐδεξάμην
1503 4222 1593 4266 αν
1620 4193 2128 4290 ζῆν.1)οοεεο
2169 4223 2262 4269 αν
2294 4202 2494 4286 putat
2523 4193 2899 4263 Bekkerus.

888 4296 1117 4382 Quum
1152 4319 1657 4387 nonnumquam
1686 4296 1796 4366 vel
1821 4306 2113 4391 propter
2146 4298 2473 4368 librorum
2505 4296 2901 4391 discrepan-

680 4398 840 4468 tiam
855 4448 877 4484 ‚
931 4401 1041 4470 vel
1071 4410 1357 4494 propter
1399 4399 1766 4470 sententiae
1793 4402 2121 4469 rationem
2159 4400 2438 4470 dubium
2472 4400 2691 4471 videri
2734 4425 2899 4496 pos-

679 4503 797 4590 sit,
849 4513 1074 4574 utrum
1110 4504 1327 4575 nudus
1356 4505 1692 4598 optativus
1706 4556 1727 4595 ‚
1780 4528 1867 4574 an
1895 4504 2081 4574 idem
2116 4504 2360 4575 modus
2390 4525 2546 4575 cum
2572 4508 2901 4600 particula
