3259 5275
1052 525 1218 590 LIB.
1270 526 1365 588 Ν.
1439 527 1635 591 cAP.
1680 532 1739 595 2.
2393 540 2515 606 181

305 708 493 787 ἄλλα
536 713 728 788 dom
750 741 882 807 μοι
914 711 1051 790 ωδε
1082 715 1177 787 ἄν
1206 715 1487 804 μᾶλλον
1516 712 2054 813 πεισθήσεσθαί
2088 747 2226 795 σοι.
2314 723 2519 796 Multi

302 817 506 887 codd.
543 816 967 892 πείθεσθαι.
1067 818 1147 887 In
1176 818 1496 910 Xenoph.
1534 820 1622 890 de
1666 843 1810 942 rep.
1842 821 2002 891 Lac.
2031 823 2210 895 VIII.
2243 824 2312 895 3.
2378 830 2518 897 Al..

298 920 496 990 dina.
553 918 698 1015 ὅσω
723 914 865 1044 (dp
883 918 1100 1014 μείζω
1134 913 1518 1014 δύναμιν*
1476 928 1624 1012 εχει
1649 950 1693 1017 η
1711 920 1921 1019 α’ρχή,
1974 950 2304 1023 τοσουτῳ
2328 933 2519 1023 μᾶλ-

294 1032 426 1097 λον
458 1052 556 1095 αν
603 1021 967 1121 ἤγησαντο
1004 1018 1240 1119 αὐτην
1284 1020 1762 1121 καταπλήξειν
1801 1055 1973 1108 τους
2007 1028 2322 1113 πολίτας.
2425 1038 2521 1103 At

293 1127 560 1195 Iuntina
617 1127 841 1196 omisit
896 1125 1007 1199 ἄν.
1109 1127 1602 1197 Demosthenes
1645 1152 1717 1220 p.
1763 1128 1937 1219 776,
1988 1130 2059 1205 3.
2115 1133 2192 1205 τί
2235 1162 2377 1231 γαρ
2424 1135 2518 1210 ἄν

289 1229 568 1302 τοῦτον
601 1231 852 1303 οἴεσθε
878 1223 1210 1352 ποιήσειν
1243 1233 1613 1304 λυθέντων
1652 1259 1798 1305 των
1830 1227 2119 1326 νόμων,
2173 1235 2248 1317 ὃς
2285 1235 2517 1313 ὄντων

290 1330 561 1428 κυρίων
606 1326 945 1414 τοιοῦτός
983 1359 1222 1424 εστιν,
1273 1332 1630 1402 Bekkerus
1681 1357 1722 1403 e
1780 1336 1932 1405 cod.
1991 1337 2210 1407 Maro.
2252 1347 2516 1432 ποιεῖν,

289 1436 581 1504 caeteris
610 1435 795 1504 libris
819 1429 1152 1531 ποιήσειν
1186 1435 1544 1510 tuentibus.
1596 1437 1675 1505 P.
1714 1435 1937 1527 1225,
1975 1439 2096 1508 21.
2132 1440 2221 1536 ἢν
2262 1436 2400 1535 ἐγω
2425 1440 2516 1517 οὐ

286 1531 562 1619 πολλας
615 1538 905 1618 ἐλπίδας
948 1534 1145 1627 εἶχον
1189 1538 1419 1624 ζῶσαν
1458 1538 1549 1613 ἄν
1579 1535 2162 1639 καταλήψεσθαι.
2270 1543 2515 1616 Omisit

287 1638 380 1713 ἄν
412 1663 571 1709 cum
603 1642 743 1710 aliis
772 1640 955 1710 libris
989 1640 1369 1712 Bekkerus.

496 1744 578 1812 In
616 1745 848 1837 primis
881 1752 1105 1812 autem
1156 1746 1668 1814 commemorari
1711 1745 1919 1817 debet
1954 1747 2093 1818 hoe
2121 1772 2195 1841 p.
2224 1748 2401 1840 860,
2435 1751 2508 1825 8.

281 1843 513 1920 ταῦτ’
557 1848 743 1940 ἐμοῦ
793 1849 1432 1945 προκαλεσαμένου
1482 1849 1763 1921 πολλῶν
1814 1844 2198 1946 παρόντων
2246 1881 2374 1927 ουκ
2418 1882 2512 1929 αν

283 1950 423 2046 ἔφη
452 1944 820 2045 ποιήσων
877 1958 952 2018 ut
994 1951 1323 2043 scriptum
1371 1959 1474 2020 est
1511 1953 1582 2019 in
1624 1951 1778 2020 cod.
1826 1953 2137 2048 Lessing.
2241 1956 2511 2027 caeteri

280 2051 439 2120 libri
469 2052 795 2149 ποιῆσαι,
847 2053 1033 2144 quod
1063 2062 1351 2147 apparet
1377 2077 1420 2123 a
1455 2054 1904 2146 quibusdam’
1887 2078 1956 2124 m
1991 2050 2321 2153 ποιήσειν
2355 2084 2510 2131 ιιιιι-

279 2165 497 2224 tatum
530 2179 678 2225 esse
695 2205 716 2241 ‚
783 2158 937 2247 quia
976 2167 1213 2249 aperte
1243 2156 1448 2227 futuri
1498 2157 2062 2250 significationem
2086 2160 2312 2230 habet.
2416 2167 2510 2234 Et

280 2269 513 2328 tamen
538 2260 698 2349 quin
731 2260 1034 2356 ποιῆσαι
1064 2261 1354 2354 genuina
1391 2260 1721 2354 scriptura
1753 2264 1835 2331 sit
1861 2285 1947 2331 eo
1977 2264 2192 2332 minus
2219 2265 2508 2337 dubitari

277 2372 550 2455 potest,
604 2361 791 2453 quod
826 2364 1023 2431 etiam
1054 2366 1487 2457 participium
1516 2364 1740 2433 aoristi
1773 2389 1925 2433 cum
1959 2365 2053 2437 ἄν
2080 2368 2527 2439 coniunctum‘

279 2465 368 2534 de
385 2466 618 2534 futuro
646 2465 906 2554 dicitur,
937 2467 1005 2535 in
1033 2490 1173 2559 quo
1201 2468 1483 2537 deberet
1509 2468 1848 2558 aliquanto
1878 2471 2094 2538 maior
2119 2494 2265 2541 esse
2282 2471 2504 2542 offen-

275 2569 397 2640 sio.
502 2570 614 2638 Ex
638 2569 744 2639 his
776 2570 1003 2665 colligi
1035 2581 1294 2666 potest,
1347 2594 1483 2640 non
1511 2573 1727 2665 magis
1757 2595 1909 2641 cum
1943 2573 2265 2644 infinitivo
2302 2577 2507 2646 futuri

277 2675 578 2742 construi
621 2672 752 2762 ἄν,
806 2698 1012 2764 quam
1046 2699 1201 2744 cum
1236 2677 1376 2745 eius
1408 2677 1738 2767 temporis
1766 2676 2125 2746 indicativo
2156 2689 2272 2747 aut
2299 2691 2503 2773 opta-

273 2777 437 2848 tivo.
549 2777 758 2861 Quod
789 2779 844 2846 si
875 2778 1037 2868 quid
1074 2780 1218 2848 veri
1262 2789 1362 2848 est
1392 2779 1460 2846 in
1492 2780 1606 2847 illa
1637 2781 2060 2872 grammatici
2098 2784 2285 2875 apud
2310 2784 2503 2853 Bek-

272 2879 523 2948 kernm
556 2879 988 2949 adnotatione
1007 2930 1027 2968 ,
1080 2906 1299 2973 neque
1339 2884 1395 2950 is
1427 2884 1765 2952 mendosis
1812 2893 1914 2952 est
1944 2884 2127 2953 libris
2157 2909 2312 2954 usus
2334 2937 2354 2972 ‚
2406 2890 2501 2957 sic

273 2984 402 3052 erit
438 2984 982 3070 existimandum,
1036 2986 1245 3054 sicubi
1281 2984 1372 3057 ἄν
1406 2986 1477 3053 in
1517 2986 1629 3054 illa
1677 2989 2175 3057 constructione
2205 2991 2500 3081 positum

271 3087 671 3175 inveniatur,
724 3088 1052 3176 similiter,
1104 3098 1179 3158 ut
1210 3111 1415 3182 supra
1441 3089 1512 3156 in
1546 3089 1688 3158 aliis
1718 3089 2162 3159 locutionibus
2191 3092 2497 3177 vidimus,

272 3213 432 3259 cum
463 3191 601 3259 alio
627 3192 857 3281 potius
887 3192 1112 3280 aliquo
1138 3193 1356 3261 verbo
1378 3215 1525 3261 esse
1552 3193 1880 3261 brevitate
1909 3193 2200 3282 quadam
2230 3195 2497 3265 dicendi

267 3293 722 3363 coniunctum.
825 3294 942 3364 Sic
984 3295 1099 3363 illa
1138 3289 1310 3385 τάχ’
1341 3293 1434 3367 ἄν
1473 3288 1761 3380 δώσειν,
1817 3291 2027 3369 οὐδὲν
2058 3324 2148 3369 αν
2183 3294 2497 3396 πεισθή-

268 3406 587 3486 σεσθαι,
642 3395 900 3496 ῥᾳδίως
941 3424 1033 3470 αν
1061 3391 1635 3518 npocxoepq'cnv3
1690 3398 1745 3466 si
1779 3407 1929 3467 sunt
1973 3400 2061 3468 ab
2110 3402 2491 3470 auctoribus

264 3500 394 3569 illis
426 3501 718 3592 scripta,
770 3499 991 3568 studio
1025 3501 1143 3568 illo
1174 3499 1387 3569 multa
1419 3502 1652 3592 paucis
1689 3502 2185 3593 complectendi
2220 3505 2494 3574 defendi

262 3611 588 3695 possunt,
656 3603 905 3694 quod
887 3627 954 3672 m
996 3613 1223 3672 mente
1265 3603 1597 3672 haberent
1642 3597 1936 3694 δώσειν,
1990 3604 2106 3678 καὶ
2152 3600 2327 3698 ταχ’
2370 3606 2491 3682 ἄν·

268 3732 354 3779 ου
389 3700 982 3803 πεισθήσεσθαι,
1047 3704 1298 3780 οὐδὲ
1261 3734 1339 3779 εν
1384 3705 1510 3778 ἄν·
1563 3702 2136 3804 προςχωρήσειν,
2190 3710 2307 3781 καὶ
2347 3716 2490 3809 ρᾳ-

265 3807 432 3890 δίως
477 3833 603 3880 av·
655 3809 724 3877 in
755 3810 995 3899 quibus
1033 3810 1338 3878 omnibus
1367 3811 1733 3878 verborum
1780 3810 2174 3880 eorumdem
2213 3814 2491 3907 optativi

265 3909 429 4009 δοίη
458 3962 480 3997 ,
534 3911 954 4010 πεισθείην,
998 3912 1443 4010 προςχωροίη
1478 3912 1953 4005 intelliguntur.

480 4012 845 4083 Caeterum
892 4025 1150 4085 tantum
1191 4016 1384 4084 abest
1419 4025 1495 4084 ut
1509 4067 1530 4103 ‚
1596 4015 1785 4106 quod
1826 4015 2175 4085 Werferus
2218 4016 2439 4086 fecit
2420 4042 2488 4087 ιιι

267 4116 423 4184 Act.
459 4114 735 4187 Monac.
771 4119 903 4186 vol.
933 4120 987 4191 1.
1023 4144 1096 4211 p.
1130 4117 1302 4189 252.
1355 4119 1486 4189 hac
1526 4121 2015 4188 constructione
2041 4120 2139 4187 uti
2166 4121 2367 4189 liceat
2396 4121 2487 4189 ad

268 4217 360 4292 ἄν
410 4243 567 4288 cum
608 4221 969 4291 indicativo
1013 4223 1216 4290 futuri
1252 4221 1755 4291 defendendum
1771 4274 1793 4314 ,
1842 4231 1920 4292 nt
1961 4223 2186 4316 potius
2218 4220 2484 4291 infiniti-

269 4343 387 4391 vus
438 4322 635 4393 huius
675 4326 999 4417 temporis
1044 4348 1181 4395 non
1222 4326 1439 4418 possit
1475 4349 1631 4395 cum
1679 4349 1761 4394 ea
1795 4327 2128 4419 particula
2168 4328 2482 4414 construi,

273 4424 327 4491 si
350 4424 536 4495 idem
567 4437 839 4521 tempus
879 4451 1017 4499 non
1049 4430 1344 4522 patiatur
1375 4429 1806 4499 indicativum
1847 4453 2040 4499 suum
2081 4429 2189 4497 vel
2230 4430 2479 4521 optati-

273 4549 424 4597 vum
453 4531 517 4600 ei
551 4531 938 4602 consociari.
1042 4534 1150 4603 De
1188 4542 1472 4626 utraque
1504 4557 1581 4603 re
1607 4534 1766 4601 alibi
1794 4532 2065 4604 dictum.
