3259 5275
1048 479 1214 540 LlB.
1259 480 1309 541 1.
1402 481 1597 545 cAP.
1647 487 1749 547 10.
2421 491 2510 554 55

300 668 386 736 vis
448 689 852 761 praegresso
882 665 1291 763 ἀφίκοιντο.
1398 672 1641 765 Eurip.
1699 672 1908 743 [none
1968 696 2080 767 ap.
2135 676 2507 748 Stobaeum

293 771 598 844 LXVIII.
638 770 757 846 12.
799 797 874 867 p.
905 771 1080 846 42⁰.

481 919 707 1018 νόμοι
759 926 1112 1020 γυναικῶν
1153 923 1238 1001 ου’
1289 929 1514 1011 καλῶς
1565 935 1843 1003 κεῖνται
1897 933 2083 1026 πέ.ρι

482 1029 669 1128 χρῆν
718 1056 857 1128 γαρ
910 1025 1044 1103 τόν
1098 1026 1548 1120 εὐτυχοῦντοί
1602 1030 1676 1125 γ’
1731 1031 1847 1106 ὅτι
1892 1034 2228 1116 πλείστας
2281 1039 2469 1127 ἔχειν

479 1137 858 1226 γυναῖκας,
912 1136 1112 1256 εἴπερ
1174 1134 1293 1207 καὶ
1354 1129 1598 1232 τροφή
1651 1130 1905 1229 δόμοις
1956 1141 2236 1237 παρῆν,

480 1261 576 1315 ως
624 1229 760 1333 τήν
811 1230 1032 1363 κακήν
1082 1237 1220 1330 μὲν
1273 1240 1599 1331 ἐξέβαλλε
1653 1234 2047 1332 δωμάτων,

475 1330 615 1427 τήν
667 1335 739 1411 δ’
793 1334 1017 1412 οὖσαν
1072 1334 1341 1436 ἐσθλην
1394 1340 1611 1437 ηδέως
1663 1336 1984 1431 ἐσώζετο.

280 1490 407 1580 lta,
460 1491 586 1559 nisi
637 1492 875 1578 fallor,
927 1493 1392 1564 scribendum.
1444 1517 1604 1564 nam
1647 1498 1826 1566 male
1875 1498 2085 1589 vulgo
2130 1499 2330 1591 εἴπερ
2385 1497 2498 1571 ἄν.

280 1542 419 1665 Sed
449 1595 618 1662 boni
641 1595 793 1664 libri
827 1594 917 1668 ἄν
950 1598 1281 1673 omittunt.
1351 1598 1684 1668 Heathius
1715 1598 2035 1692 ἐξέβαλλ’
2069 1600 2161 1673 ἄν
2193 1601 2498 1669 scriben-

277 1697 432 1767 dum
475 1696 802 1790 putabat,
855 1700 1044 1789 quod
1086 1702 1458 1794 vituperat,
1509 1703 1657 1772 iure
1701 1702 1973 1793 quidem
1997 1753 2018 1789 ‚
2086 1702 2211 1772 sed
2249 1727 2498 1795 parum
2559 1727 2572 1745 ·

276 1802 695 1894 exploratam
762 1802 1023 1873 habens
1088 1804 1283 1874 huius
1342 1808 1439 1874 rei
1506 1807 1833 1875 rationem
1897 1806 2379 1875 Valckenarius
2427 1808 2494 1875 in

270 1905 480 1978 Diatr.
534 1906 622 1976 de
666 1907 749 1974 fr.
779 1906 947 1981 Eur.
993 1931 1068 2000 Ρ.
1124 1905 1299 1982 1Ἱ6.
1349 1908 1539 1999 quod
1587 1912 1790 1979 etiam
1840 1910 2189 1979 Brunckio
2231 1910 2495 1994 accidit,

270 2032 469 2099 quem
503 2010 664 2079 vide
689 2009 777 2078 de
817 2010 949 2079 hac
990 2013 1485 2081 constructione
1514 2014 1602 2080 ad
1642 2013 1890 2083 Aesch.
1919 2014 2151 2086 Prom.
2192 2010 2363 2087 155.
2406 2014 2495 2082 ad

267 2112 506 2205 Eurip.
539 2114 716 2187 Hec.
771 2112 944 2187 214.
994 2114 1084 2182 ad
1125 2115 1360 2209 Apoll.
1396 2115 1628 2188 Rhod.
1677 2115 1732 2189 1.
1770 2115 1945 2188 281.
2049 2116 2366 2208 Explicui
2404 2117 2492 2185 ad

270 2217 501 2310 Viget.
536 2241 610 2309 p.
645 2216 816 2289 791.
846 2226 915 2285 et
939 2213 1115 2291 851.

466 2321 629 2388 Noli
667 2343 833 2389 vero
867 2331 1149 2413 putare,
1201 2343 1340 2390 non
1385 2320 1591 2390 licere
1633 2320 1906 2390 omnino
1950 2320 2018 2388 in
2058 2320 2195 2388 hoc
2236 2343 2492 2413 genere

262 2423 587 2513 loquendi
624 2423 971 2516 particulis
1001 2425 1310 2494 finalibus
1355 2424 1608 2494 addere
1642 2422 1753 2497 ἄν.
1857 2424 2077 2492 Immo
2120 2426 2492 2493 necessaria

261 2526 625 2617 aliquando
674 2529 811 2596 eius
857 2527 1148 2597 adiectio
1192 2536 1315 2600 est.
1418 2528 1594 2596 Nam
1638 2528 1756 2595 ubi
1795 2549 1970 2611 non,
2024 2526 2187 2616 quid
2235 2527 2488 2617 fuisset,

259 2630 378 2699 sed
421 2630 590 2721 quid
629 2632 961 2725 potuisset
1009 2633 1156 2702 fieri
1205 2630 1507 2700 indicare
1548 2632 1893 2716 volumus,
1956 2632 2331 2700 necessaria
2391 2644 2492 2701 est

255 2736 614 2828 particula.
666 2735 1160 2805 Demosthenes
1192 2735 1282 2804 de
1308 2735 1479 2803 falso
1505 2743 1655 2808 test.
1685 2734 1776 2803 ad
1802 2734 2189 2863 Aphobum
2205 2758 2278 2826 p.
2311 2734 2487 2819 849,

259 2838 378 2912 14.
408 2863 708 2932 πρωτον
736 2838 875 2931 μὲν
902 2832 1041 2933 γοῖρ
1075 2841 1275 2935 εἴπερ
1309 2866 1400 2919 ως
1428 2834 1718 2958 ᾰληθως
1749 2838 1990 2910 ταῦτα
2018 2832 2126 2933 μή
2155 2831 2486 2934 ἐμαρτύ-

255 2966 474 3038 ρησεν
490 2995 515 3032 ,
574 2937 704 3015 οὐκ
735 2940 828 3014 ἄν
858 2941 987 3015 νῦν
1015 2944 1305 3037 ἔξαρνος
1341 2938 1475 3037 ἦν,
1531 2928 1718 3013 ἄλλα
1745 2933 1883 3015 τότ
1898 2934 2170 3023 εὐθυς
2199 2941 2316 3014 ἐπὶ
2349 2943 2488 3014 τοῦ
2615 3028 2622 3033 ἐ

256 3043 770 3140 δικαστηρίου,
837 3046 966 3141 τῆς
1008 3042 1418 3140 μαρτυρίας
1475 3039 2220 3141 ἀναγιγνωσκομένης,
2274 3041 2482 3132 ἡνίκα

254 3150 535 3239 μᾶλλον
591 3146 700 3219 ἄν
752 3142 981 3220 αὐτον
1039 3147 1093 3245 ἤ
1150 3148 1280 3221 νῦν
1334 3142 1688 3242 ωφέλει.
1804 3146 1940 3216 Hic
2007 3175 2099 3218 αν
2163 3148 2482 3238 positum,

256 3250 369 3319 ubi
409 3249 504 3318 ad
548 3251 846 3343 primum
892 3251 1294 3345 adspectum
1338 3252 1579 3320 abesse
1622 3249 1940 3322 debebat.
2046 3250 2269 3318 Recte
2319 3272 2481 3317 vero

254 3354 515 3447 posuit:
590 3353 714 3423 uba·
776 3354 843 3424 ei
899 3356 1079 3449 plus
1150 3376 1373 3448 quam
1436 3376 1629 3424 nunc
1688 3354 2057 3448 prodesse
2098 3352 2477 3445 potuisset.

259 3455 529 3528 Omissa
558 3457 927 3550 particula,
980 3481 1209 3535 sensns
1250 3459 1466 3545 foret,
1517 3457 1642 3528 ubi
1660 3458 1841 3552 plus
1856 3454 2286 3551 prosilisset.

457 3560 661 3645 Quae
709 3562 1202 3654 particularum
1234 3562 1559 3646 finalium,
1612 3560 1857 3631 eadem
1905 3561 2108 3629 etiam
2144 3559 2477 3630 conditio-

253 3665 501 3735 nalium
529 3666 700 3734 ratio
732 3674 853 3738 est.
956 3667 1138 3734 Nam
1168 3687 1303 3733 non
1331 3665 1522 3734 aliter
1546 3666 1622 3734 iis
1651 3665 1921 3734 additur
1949 3663 2041 3736 ἄν
2057 3713 2078 3752 ,
2132 3686 2334 3754 quam
2363 3664 2478 3731 ubi

250 3770 699 3838 necessarium
730 3776 852 3843 est.
922 3768 1052 3838 Est
1082 3779 1307 3838 autem
1331 3769 1782 3838 necessarium
1809 3769 2022 3837 tribus
2051 3768 2474 3859 potissimum

249 3872 490 3945 modis.
595 3872 827 3941 Primo
860 3872 979 3940 ubi
1008 3895 1145 3943 non
1186 3873 1577 3965 simpliciter
1614 3872 1981 3943 dicendum
2014 3880 2118 3939 est
2166 3870 2233 3942 si
2259 3880 2471 3955 esset,

249 3974 333 4045 de
362 3998 453 4045 eo
472 4023 494 4061 ‚
545 3975 736 4065 quod
764 3997 900 4045 non
923 3985 1060 4060 est3
1113 3966 1236 4045 sed
1269 3977 1335 4045 si
1352 3984 1611 4070 posset
1640 3997 1832 4063 esse,
1884 3975 1973 4044 de
2004 3997 2090 4044 eo
2119 3974 2307 4064 quod
2334 3997 2474 4044 non

249 4078 460 4147 modo
492 4100 631 4148 non
667 4087 802 4164 est,
855 4078 980 4147 sed
1013 4102 1100 4148 ne
1141 4087 1374 4171 potest
1407 4079 1685 4170 quidem
1721 4102 1890 4152 esse.
1996 4078 2088 4146 Vt
2117 4077 2306 4171 apud
2335 4078 2474 4148 De-

249 4181 677 4252 mosthenem
720 4184 789 4251 in
821 4182 1070 4304 Steph.
1102 4182 1190 4251 de
1224 4183 1572 4252 trierarch.
1598 4206 1676 4275 p.
1718 4181 1944 4263 1229,
1986 4180 2108 4254 22.
2164 4183 2274 4255 ἔτι
2303 4178 2469 4255 τοί-

249 4312 375 4360 νυν
412 4279 820 4409 ὖπηρεσιοὶν
871 4314 1007 4382 την
1050 4285 1444 4383 κρατίστην
1488 4287 1799 4381 ἔλαβον,
1852 4284 2094 4380 πολλῷ
2129 4288 2468 4358 πλεῖστον

250 4381 607 4515 ἀργύριον
641 4381 830 4470 δούς
883 4387 1097 4463 οὗτοι
1126 4384 1201 4462 δ’
1233 4416 1307 4462 ει
1299 4389 1478 4484 ’μὲν
1512 4385 1597 4462 εἷ
1611 4415 1711 4481 χο
1733 4418 1775 4463 ν
1800 4384 2074 4485 χείρον’
2102 4415 2210 4461 αν
2241 4412 2464 4484 ημων,

252 4487 545 4567 οὐδέν’
494 4520 587 4567 αν
614 4519 707 4589 ην
747 4486 1008 4566 δεινόν.
1060 4490 1192 4567 νῦν
1223 4486 1297 4566 δ
1329 4486 1492 4568 οὐδ
1522 4490 2043 4568 οποιαντινοῦν
2088 4517 2197 4563 πω
2236 4488 2462 4582 μεμί-
