3259 5275
583 424 587 429 ⁷
738 471 869 535 zoe
1338 415 2396 556 οιῑ.ΗΥιηειίΒοῑΛεἰ

742 662 944 729 citare
1005 659 1274 743 volunt,
1348 659 1459 727 vel
1506 658 1917 727 exuberante
1976 656 2328 728 hilaritatis
2378 660 2619 751 lepore
2677 670 2944 729 venusta

739 763 1147 835 describunt.
1250 761 1543 830 Praeivit
1580 762 1650 830 in
1682 762 1941 855 mag-nis
1974 763 2360 855 exemplum
2396 762 2756 851 Homerus,
2807 755 2945 832 eri·-

739 868 908 936 mius
958 867 1072 936 ille
1100 864 1413 960 *maxime
1477 865 1546 933 in
1609 864 1923 933 ornandis
1976 864 2138 953 diis,
2217 865 2588 955 vidensque
2651 867 2949 960 sagacis-

738 971 903 1040 sime
916 1020 938 1056 ‚
989 992 1156 1060 quas
1188 969 1364 1042 ferat
1393 967 1949 1060 amplificationes
1978 969 2229 1061 poesis,
2281 992 2584 1059 quasque
2617 970 2949 1064 repudiet.

735 1075 846 1144 De
882 1096 967 1142 ea
1017 1095 1094 1141 re
1144 1072 1293 1164 quis
1336 1072 1547 1141 nescit
1592 1094 1771 1161 quae
1809 1072 1899 1140 ab
1937 1070 2293 1164 Lessingio
2341 1073 2411 1140 in
2441 1073 2842 1143 Laocoonte
2888 1086 2956 1142 et

735 1176 1052 1247 Herdero
1092 1177 1162 1244 in
1212 1174 1409 1244 Silvis
1453 1175 1699 1243 criticis
1742 1184 1896 1243 sunt
1935 1174 2323 1267 disputata?
2374 1175 2516 1245 Sed
2561 1187 2793 1246 tamen
2841 1177 2952 1266 mi,

737 1271 1147 1372 quamquam
1171 1287 1368 1348 acute
1390 1280 1724 1371 pleraque
1750 1279 2172 1369 scienterque
2190 1277 2454 1370 dixere,
2497 1302 2634 1349 non
2661 1303 2748 1349 ex
2772 1281 2956 1349 omni

734 1394 932 1478 parte
965 1383 1103 1452 hoc
1128 1378 1437 1452 videntur
1457 1382 1888 1475 hyperbolae
1915 1381 2106 1474 apud
2137 1382 2515 1452 Homerum
2545 1406 2765 1477 genus
2789 1406 2955 1475 per-

739 1489 1055 1581 spexisse.
1160 1488 1318 1556 Nou
1353 1487 1594 1578 optimi
1619 1484 1949 1578 rhapsodi
1978 1507 2249 1556 carmen
2280 1510 2462 1574 esse,
2514 1488 2752 1578 quoin
2783 1487 2956 1555 libro

736 1590 962 1660 Iliadis
985 1589 1174 1658 XXI.
1207 1611 1443 1683 pugna
1471 1588 1757 1659 deornm
1786 1597 2152 1677 enarratur,
2184 1590 2413 1658 monui
2437 1590 2508 1658 in
2523 1591 2957 1684 ,praefatione

737 1694 827 1764 ad
876 1693 1169 1787 hymnos
1226 1693 1532 1766 Homeri.
1633 1692 1743 1762 Eo
1785 1693 1855 1761 in
1898 1693 2191 1761 carmine
2240 1694 2296 1761 si
2335 1692 2525 1761 Mars
2566 1717 2607 1761 a
2645 1693 2959 1763 Minerva

735 1806 1107 1892 prostratus
1143 1819 1206 1865 v·
1248 1794 1423 1865 4⁰7.
1477 1788 1667 1869 ἑπτα
1715 1795 1969 1886 ἐπέσχε
2013 1797 2338 1891 πέλεθρα
2373 1789 2654 1876 πεσών,
2707 1806 2813 1867 est
2845 1798 2959 1866 illa

638 1905 899 1975 l4sane
930 1902 1171 1993 ingens
1202 1898 1589 1993 hyperbole
1604 1945 1627 1985 ,
1682 1921 1885 1988 quam
1917 1908 2125 1991 poeta
2159 1899 2284 1968 iste
2315 1898 2638 1970 imitando
2673 1923 2958 1994 expres-

737 2007 821 2075 sit
858 2027 943 2074 ex
968 2004 1108 2089 illo,
1161 2003 1351 2094 quod
1374 2004 1442 2072 in
1468 2000 1724 2095 Odyss.
1756 2002 1878 2075 XL
1908 1999 2084 2072 576.
2117 2000 2205 2071 de
2232 2002 2442 2096 Tityo
2473 2003 2798 2097 scriptum
2825 2016 2958 2075 est:

1572 2170 1619 2248 ὁ
1671 2169 1743 2247 δ’
1796 2169 1914 2249 ἐπ’
1968 2174 2175 2249 ἐννέα
2226 2179 2423 2248 κεῖτο
2477 2178 2829 2274 πέλεθρα.

735 2348 940 2419 Hunc
996 2348 1176 2416 enim
1228 2354 1298 2417 et
1344 2343 1592 2414 eodem
1652 2346 1722 2415 in
1771 2345 1945 2414 libro
1997 2367 2063 2415 v.
2120 2342 2293 2415 3⁰8.
2338 2368 2532 2439 seqq.
2617 2345 2833 2419 Otum
2893 2360 2962 2419 et

735 2449 1125 2545 Ephialtem
1160 2460 1301 2517 tam
1340 2449 1610 2524 immani
1646 2470 2013 2541 corporum
2056 2449 2238 2529 mole
2285 2448 2491 2520 fuisse
2505 2501 2528 2542 ‚
2582 2474 2720 2521 non
2768 2452 2959 2542 deos,

733 2553 1054 2650 perhibet
1106 2553 1468 2659 Homerus.
1573 2552 1810 2621 Habet
1859 2552 2139 2644 quidem
2197 2560 2379 2621 tanta
2433 2555 2839 2651 magnitudo
2893 2559 2962 2626 in

738 2659 972 2751 effigie
1000 2681 1175 2748 quae
1213 2655 1425 2725 oculis
1462 2657 1911 2750 conspicitur,
1960 2666 2040 2725 ut
2062 2657 2133 2725 in
2165 2658 2432 2747 statuis,
2486 2661 2799 2730 eximiam
2827 2662 2965 2731 vim

624 2758 631 2761 ⁷
737 2762 829 2831 ad
877 2763 1132 2829 animos
1172 2758 1613 2828 admiratione
1664 2768 1733 2829 et
1776 2760 2149 2829 reverentia
2185 2761 2692 2852 percellendos:
2745 2787 2967 2856 ecqua

678 2944 684 2949 ,
739 2867 920 2935 enim
951 2865 1169 2957 aptior
1211 2870 1282 2931 et
1313 2861 1711 2932 luculentior
1739 2873 1841 2932 est
1864 2863 2220 2933 divinitatis
2246 2864 2498 2958 imago,
2550 2890 2758 2957 quam
2789 2892 2966 2960 quae

738 2966 965 3062 longe'
990 2968 1073 3036 sit
1114 2965 1296 3035 omni
1336 2987 1493 3033 cum
1533 2965 1888 3036 hominum
1923 2967 2156 3036 formis
2199 2970 2705 3060 comparatione
2751 2996 2965 3066 supe—

742 3074 879 3141 rior
895 3073 931 3141 ?
980 3071 1060 3140 ln
1091 3070 1285 3163 poesi
1317 3092 1481 3138 vero
1498 3120 1519 3154 ‚
1571 3070 1717 3140 sive
1756 3070 1850 3139 dii
1882 3071 2058 3139 inter
2104 3093 2178 3139 se
2212 3070 2338 3139 soli
2365 3072 2617 3164 aliquid
2657 3087 2962 3168 agentes,

745 3178 887 3246 sive
929 3174 1281 3244 hominum
1332 3173 1521 3241 mixti
1569 3175 1861 3267 negotiis
1905 3173 2411 3263 describantur,
2473 3177 2772 3248 absurda
2823 3189 2965 3249 est:

743 3303 902 3348 nam
935 3287 1049 3348 aut
1074 3278 1253 3370 perit
1284 3276 1488 3368 plane
1506 3328 1527 3366 ,
1579 3278 1636 3347 si
1675 3277 1919 3347 eadem
1951 3277 2250 3347 omnium
2280 3283 2640 3374 proportio
2667 3294 2801 3367 est3
2853 3291 2969 3352 aut
3089 3336 3096 3348 .

743 3385 927 3452 illata
970 3384 1041 3450 in
1085 3380 1436 3448 hominum
1481 3380 1714 3471 vitam,
1769 3390 2193 3450 monstruosa
2233 3380 2615 3453 diversitate
2659 3409 2965 3479 propor-
3035 3428 3040 3439 ·
3079 3378 3087 3389 “

745 3488 942 3556 tionis
992 3483 1342 3577 perturbat
1407 3484 1634 3552 omnia
1681 3492 1751 3553 et
1802 3483 2201 3576 pessumdat
2215 3536 2238 3576 ,
2300 3494 2378 3553 ut
2416 3510 2620 3580 supra
2659 3490 2729 3557 in
2767 3491 2968 3582 galea

744 3588 1100 3658 Minervae
1133 3595 1236 3656 est
1265 3586 1717 3656 observatum.
1782 3587 2017 3674 Quare
2048 3587 2389 3680 sapienter
2421 3592 2765 3661 Homerus
2800 3593 2962 3662 deos

747 3693 979 3786 paullo
1015 3699 1274 3760 tantum
1301 3689 1599 3759 humana
1623 3690 1856 3784 specie
1890 3691 2179 3761 maiores
2212 3691 2424 3782 finxit,
2473 3703 2543 3764 et
2572 3697 2806 3785 quales
2834 3697 2964 3765 ho-

749 3797 1003 3867 minum
1031 3801 1184 3863 sunt
1216 3792 1333 3884 qui
1363 3796 1772 3885 proceritate
1815 3803 1970 3863 ante
2005 3795 2372 3888 plerosque
2402 3798 2733 3868 eminent:
2787 3800 2966 3868 anxit

750 3922 914 3970 vero
952 3920 1080 3991 per
1103 3895 1539 3990 hyperbolen
1565 3899 1741 3968 vires
1779 3896 2066 3967 deorum
2081 3952 2103 3990 ‚
2155 3922 2323 3990 quas
2371 3900 2726 3973 immensas
2774 3904 2964 3997 cogi-

752 4013 897 4073 tare
926 4001 1182 4070 animus
1213 3999 1352 4068 sine
1373 4002 1812 4092 perversitate
1842 4008 2088 4093 potest.
2136 4002 2239 4070 lta
2269 4003 2434 4072 illud
2464 4005 2650 4075 Iliad.
2680 4005 2764 4077 V.
2788 4005 2958 4078 859.

1423 4172 1467 4244 ὃ
1520 4170 1594 4246 δ’
1649 4173 1917 4270 ἔβραχε
1970 4175 2264 4264 χαλκέος
2304 4173 2564 4275 ”Aoum

965 4272 1186 4396 «iocor
1238 4270 1313 4347 τ’
1370 4267 1773 4367 ἐννεάχιλοι
1824 4273 2127 4367 ἐπίαχον
2178 4276 2225 4401 ᾗ
2278 4272 2642 4369 δεκάχιλοι

963 4379 1209 4476 ανέρες
1260 4380 1340 4452 ἐν
1390 4379 1722 4475 πολέμῳ,
1777 4378 1983 4472 ἔριδα
2037 4387 2463 4474 §orarem-ec
2511 4380 2750 4481 ἄρηος.
