<?xml version="1.0" encoding="UTF-8"?>
<!DOCTYPE html PUBLIC "-//W3C//DTD XHTML 1.0 Transitional//EN"
    "http://www.w3.org/TR/xhtml1/DTD/xhtml1-transitional.dtd">
<html xmlns="http://www.w3.org/1999/xhtml" xml:lang="en" lang="en">
 <head>
  <title>
</title>
<meta http-equiv="Content-Type" content="text/html;charset=utf-8" />
  <meta name='ocr-system' content='tesseract 3.04.00' />
  <meta name='ocr-capabilities' content='ocr_page ocr_carea ocr_par ocr_line ocrx_word'/>
</head>
<body>
  <div class='ocr_page' id='page_1' title='image "./godofrediherman03fritgoog_0057.png"; bbox 0 0 3259 5275; ppageno 0'>
   <div class='ocr_carea' id='block_1_1' title="bbox 1051 528 2492 604">
    <p class='ocr_par' dir='ltr' id='par_1_1' title="bbox 1051 528 2492 604">
     <span class='ocr_line' id='line_1_1' title="bbox 1051 528 2492 604; baseline -0.001 -12"><span class='ocrx_word' id='word_1_1' title='bbox 1051 530 1224 593; x_wconf 89' lang='lat' dir='ltr'><strong>LIB.</strong></span> <span class='ocrx_word' id='word_1_2' title='bbox 1268 531 1317 596; x_wconf 89' lang='lat'><strong>1.</strong></span> <span class='ocrx_word' id='word_1_3' title='bbox 1409 528 1606 593; x_wconf 80' lang='lat' dir='ltr'><strong>CAP.</strong></span> <span class='ocrx_word' id='word_1_4' title='bbox 1654 535 1718 596; x_wconf 78' lang='lat'><strong>9.</strong></span> <span class='ocrx_word' id='word_1_5' title='bbox 2171 561 2178 566; x_wconf 93' lang='lat'><strong>·</strong></span> <span class='ocrx_word' id='word_1_6' title='bbox 2402 539 2492 604; x_wconf 66' lang='lat'><strong>43</strong></span> 
     </span>
    </p>
   </div>
   <div class='ocr_carea' id='block_1_2' title="bbox 264 720 2522 3634">
    <p class='ocr_par' dir='ltr' id='par_1_2' title="bbox 273 720 2486 821">
     <span class='ocr_line' id='line_1_2' title="bbox 273 720 2486 821; baseline 0 -26"><span class='ocrx_word' id='word_1_7' title='bbox 273 723 659 817; x_wconf 77' lang='lat' dir='ltr'><strong>Stephanus</strong></span> <span class='ocrx_word' id='word_1_8' title='bbox 685 724 756 794; x_wconf 91' lang='lat' dir='ltr'><strong>in</strong></span> <span class='ocrx_word' id='word_1_9' title='bbox 785 722 973 798; x_wconf 89' lang='lat' dir='ltr'><strong>Sent.</strong></span> <span class='ocrx_word' id='word_1_10' title='bbox 1007 720 1207 798; x_wconf 87' lang='lat' dir='ltr'><strong>Com.</strong></span> <span class='ocrx_word' id='word_1_11' title='bbox 1236 745 1312 816; x_wconf 88' lang='lat' dir='ltr'><strong>p.</strong></span> <span class='ocrx_word' id='word_1_12' title='bbox 1339 721 1515 796; x_wconf 81' lang='lat'><strong>4⁰8.</strong></span> <span class='ocrx_word' id='word_1_13' title='bbox 1547 730 1617 791; x_wconf 81' lang='lat' dir='ltr'><strong>et</strong></span> <span class='ocrx_word' id='word_1_14' title='bbox 1643 722 2000 792; x_wconf 86' lang='lat' dir='ltr'><strong>Dobraeus</strong></span> <span class='ocrx_word' id='word_1_15' title='bbox 2029 724 2119 794; x_wconf 90' lang='lat' dir='ltr'><strong>ad</strong></span> <span class='ocrx_word' id='word_1_16' title='bbox 2141 725 2486 821; x_wconf 83' lang='lat' dir='ltr'><strong>Aristoph.</strong></span> 
     </span>
    </p>

    <p class='ocr_par' dir='ltr' id='par_1_3' title="bbox 264 821 2522 2986">
     <span class='ocr_line' id='line_1_3' title="bbox 268 821 2492 923; baseline 0.002 -27"><span class='ocrx_word' id='word_1_17' title='bbox 268 853 336 922; x_wconf 90' lang='grc' dir='ltr'><strong>Ρ.</strong></span> <span class='ocrx_word' id='word_1_18' title='bbox 391 828 621 919; x_wconf 74' lang='lat' dir='ltr'><strong>(llo)</strong></span> <span class='ocrx_word' id='word_1_19' title='bbox 673 822 865 900; x_wconf 76' lang='grc' dir='ltr'><strong>κατοὶ</strong></span> <span class='ocrx_word' id='word_1_20' title='bbox 913 821 1147 900; x_wconf 74' lang='grc' dir='ltr'><strong>πολλοὶ</strong></span> <span class='ocrx_word' id='word_1_21' title='bbox 1196 824 1276 921; x_wconf 76' lang='grc' dir='ltr'><strong>γ’</strong></span> <span class='ocrx_word' id='word_1_22' title='bbox 1330 827 1803 916; x_wconf 79' lang='lat' dir='ltr'><strong>emendarunt,</strong></span> <span class='ocrx_word' id='word_1_23' title='bbox 1870 849 2117 919; x_wconf 88' lang='lat' dir='ltr'><strong>parum</strong></span> <span class='ocrx_word' id='word_1_24' title='bbox 2160 831 2492 923; x_wconf 88' lang='lat' dir='ltr'><strong>probabi-</strong></span> 
     </span>
     <span class='ocr_line' id='line_1_4' title="bbox 268 879 2492 1023; baseline 0 -22"><span class='ocrx_word' id='word_1_25' title='bbox 268 934 439 1006; x_wconf 88' lang='lat' dir='ltr'><strong>liter.</strong></span> <span class='ocrx_word' id='word_1_26' title='bbox 547 930 774 1000; x_wconf 87' lang='lat' dir='ltr'><strong>Multo</strong></span> <span class='ocrx_word' id='word_1_27' title='bbox 836 931 1252 1000; x_wconf 84' lang='lat' dir='ltr'><strong>verisimilius</strong></span> <span class='ocrx_word' id='word_1_28' title='bbox 1307 941 1409 1000; x_wconf 88' lang='lat' dir='ltr'><strong>est</strong></span> <span class='ocrx_word' id='word_1_29' title='bbox 1427 979 1449 1017; x_wconf 92' lang='lat'><strong>,</strong></span> <span class='ocrx_word' id='word_1_30' title='bbox 1535 929 1722 1022; x_wconf 88' lang='lat' dir='ltr'><strong>quod</strong></span> <span class='ocrx_word' id='word_1_31' title='bbox 1782 879 2129 1002; x_wconf 63' lang='lat' dir='ltr'><strong>’Porsonus</strong></span> <span class='ocrx_word' id='word_1_32' title='bbox 2185 934 2492 1023; x_wconf 84' lang='lat' dir='ltr'><strong>coniecit,</strong></span> 
     </span>
     <span class='ocr_line' id='line_1_5' title="bbox 266 1028 2495 1130; baseline -0.001 -22"><span class='ocrx_word' id='word_1_33' title='bbox 266 1063 453 1108; x_wconf 66' lang='grc' dir='ltr'>κατα</span> <span class='ocrx_word' id='word_1_34' title='bbox 505 1028 724 1107; x_wconf 86' lang='grc' dir='ltr'><strong>πόλλ</strong></span> <span class='ocrx_word' id='word_1_35' title='bbox 789 1030 921 1130; x_wconf 75' lang='grc' dir='ltr'><strong>ἄρ’</strong></span> <span class='ocrx_word' id='word_1_36' title='bbox 967 1033 1186 1108; x_wconf 53' lang='grc' dir='ltr'>ἑστίη</span> <span class='ocrx_word' id='word_1_37' title='bbox 1285 1032 1467 1102; x_wconf 87' lang='lat' dir='ltr'><strong>Mihi</strong></span> <span class='ocrx_word' id='word_1_38' title='bbox 1520 1045 1746 1103; x_wconf 83' lang='lat' dir='ltr'><strong>tamen</strong></span> <span class='ocrx_word' id='word_1_39' title='bbox 1809 1037 2176 1125; x_wconf 78' lang='lat' dir='ltr'><strong>genuinum</strong></span> <span class='ocrx_word' id='word_1_40' title='bbox 2228 1036 2495 1106; x_wconf 85' lang='lat' dir='ltr'><strong>videtur</strong></span> 
     </span>
     <span class='ocr_line' id='line_1_6' title="bbox 267 1129 2522 1232; baseline -0 -22"><span class='ocrx_word' id='word_1_41' title='bbox 267 1129 460 1211; x_wconf 69' lang='grc' dir='ltr'><strong>νατοῖ</strong></span> <span class='ocrx_word' id='word_1_42' title='bbox 490 1137 799 1224; x_wconf 73' lang='grc' dir='ltr'><strong>πολλῶν,</strong></span> <span class='ocrx_word' id='word_1_43' title='bbox 849 1160 892 1205; x_wconf 87' lang='lat' dir='ltr'><strong>a</strong></span> <span class='ocrx_word' id='word_1_44' title='bbox 925 1135 1228 1208; x_wconf 87' lang='lat' dir='ltr'><strong>Stobaeo</strong></span> <span class='ocrx_word' id='word_1_45' title='bbox 1260 1147 1483 1208; x_wconf 87' lang='lat' dir='ltr'><strong>autem</strong></span> <span class='ocrx_word' id='word_1_46' title='bbox 1510 1136 1895 1232; x_wconf 81' lang='lat' dir='ltr'><strong>profectum</strong></span> <span class='ocrx_word' id='word_1_47' title='bbox 1924 1139 2141 1213; x_wconf 70' lang='grc' dir='ltr'><strong><em>ἐστίν.</em></strong></span> <span class='ocrx_word' id='word_1_48' title='bbox 2209 1140 2291 1209; x_wconf 85' lang='lat' dir='ltr'><strong>ln</strong></span> <span class='ocrx_word' id='word_1_49' title='bbox 2327 1142 2522 1210; x_wconf 78' lang='lat' dir='ltr'><strong>Pla-·</strong></span> 
     </span>
     <span class='ocr_line' id='line_1_7' title="bbox 266 1236 2496 1340; baseline 0.003 -31"><span class='ocrx_word' id='word_1_50' title='bbox 266 1241 437 1309; x_wconf 87' lang='lat' dir='ltr'><strong>tonis</strong></span> <span class='ocrx_word' id='word_1_51' title='bbox 482 1241 694 1334; x_wconf 84' lang='lat' dir='ltr'><strong>Apol.</strong></span> <span class='ocrx_word' id='word_1_52' title='bbox 740 1240 936 1313; x_wconf 86' lang='lat' dir='ltr'><strong>Socr.</strong></span> <span class='ocrx_word' id='word_1_53' title='bbox 984 1264 1058 1334; x_wconf 95' lang='grc' dir='ltr'><strong>Ρ.</strong></span> <span class='ocrx_word' id='word_1_54' title='bbox 1106 1240 1231 1316; x_wconf 82' lang='lat'><strong>41.</strong></span> <span class='ocrx_word' id='word_1_55' title='bbox 1268 1242 1355 1315; x_wconf 90' lang='lat' dir='ltr'><strong>B.</strong></span> <span class='ocrx_word' id='word_1_56' title='bbox 1399 1243 1498 1311; x_wconf 89' lang='lat' dir='ltr'><strong>nti</strong></span> <span class='ocrx_word' id='word_1_57' title='bbox 1535 1241 1697 1311; x_wconf 90' lang='lat' dir='ltr'><strong>editi</strong></span> <span class='ocrx_word' id='word_1_58' title='bbox 1731 1240 2023 1327; x_wconf 85' lang='lat' dir='ltr'><strong>habent,</strong></span> <span class='ocrx_word' id='word_1_59' title='bbox 2075 1240 2195 1316; x_wconf 71' lang='grc' dir='ltr'><strong>καὶ</strong></span> <span class='ocrx_word' id='word_1_60' title='bbox 2234 1236 2325 1340; x_wconf 78' lang='grc' dir='ltr'><em>δῆ</em></span> <span class='ocrx_word' id='word_1_61' title='bbox 2375 1243 2496 1317; x_wconf 77' lang='grc' dir='ltr'><strong>καὶ</strong></span> 
     </span>
     <span class='ocr_line' id='line_1_8' title="bbox 266 1338 2492 1441; baseline 0.001 -24"><span class='ocrx_word' id='word_1_62' title='bbox 266 1338 359 1417; x_wconf 59' lang='lat' dir='ltr'><strong>*to*</strong></span> <span class='ocrx_word' id='word_1_63' title='bbox 386 1345 771 1437; x_wconf 75' lang='grc' dir='ltr'>μέγιστον,</span> <span class='ocrx_word' id='word_1_64' title='bbox 822 1369 994 1425; x_wconf 79' lang='grc' dir='ltr'>τους</span> <span class='ocrx_word' id='word_1_65' title='bbox 1032 1347 1183 1419; x_wconf 70' lang='grc' dir='ltr'><strong>ἐκεῖ</strong></span> <span class='ocrx_word' id='word_1_66' title='bbox 1212 1339 1638 1432; x_wconf 70' lang='grc' dir='ltr'><strong><em>ἐξετάζοντα</em></strong></span> <span class='ocrx_word' id='word_1_67' title='bbox 1669 1342 1790 1418; x_wconf 71' lang='grc' dir='ltr'><strong>καὶ</strong></span> <span class='ocrx_word' id='word_1_68' title='bbox 1822 1346 2229 1439; x_wconf 76' lang='grc' dir='ltr'><strong><em>ἑρευνωντα</em></strong></span> <span class='ocrx_word' id='word_1_69' title='bbox 2263 1372 2492 1441; x_wconf 77' lang='grc' dir='ltr'>ωςπερ</span> 
     </span>
     <span class='ocr_line' id='line_1_9' title="bbox 267 1440 2496 1573; baseline 0 -53"><span class='ocrx_word' id='word_1_70' title='bbox 267 1471 439 1528; x_wconf 78' lang='grc' dir='ltr'>τους</span> <span class='ocrx_word' id='word_1_71' title='bbox 492 1447 822 1520; x_wconf 74' lang='grc' dir='ltr'>ἐνταῦθα</span> <span class='ocrx_word' id='word_1_72' title='bbox 865 1440 1186 1573; x_wconf 53' lang='grc' dir='ltr'>διάγριν,</span> <span class='ocrx_word' id='word_1_73' title='bbox 1253 1447 1364 1529; x_wconf 79' lang='grc' dir='ltr'><strong>τίς</strong></span> <span class='ocrx_word' id='word_1_74' title='bbox 1403 1445 1648 1521; x_wconf 76' lang='grc' dir='ltr'><strong><em>αὑτων</em></strong></span> <span class='ocrx_word' id='word_1_75' title='bbox 1694 1441 1920 1543; x_wconf 80' lang='grc' dir='ltr'>σοφός</span> <span class='ocrx_word' id='word_1_76' title='bbox 1962 1452 2194 1535; x_wconf 71' lang='grc' dir='ltr'>ἐστι,</span> <span class='ocrx_word' id='word_1_77' title='bbox 2219 1449 2340 1522; x_wconf 72' lang='grc' dir='ltr'><strong>καὶ</strong></span> <span class='ocrx_word' id='word_1_78' title='bbox 2383 1449 2496 1531; x_wconf 77' lang='grc' dir='ltr'><strong>τίς</strong></span> 
     </span>
     <span class='ocr_line' id='line_1_10' title="bbox 271 1547 2496 1642; baseline -0 -19"><span class='ocrx_word' id='word_1_79' title='bbox 271 1552 511 1623; x_wconf 76' lang='grc' dir='ltr'>οἴεται</span> <span class='ocrx_word' id='word_1_80' title='bbox 544 1551 731 1642; x_wconf 74' lang='grc' dir='ltr'><strong><em>μέν,</em></strong></span> <span class='ocrx_word' id='word_1_81' title='bbox 785 1548 942 1622; x_wconf 80' lang='grc' dir='ltr'>ἔστι</span> <span class='ocrx_word' id='word_1_82' title='bbox 973 1547 1047 1622; x_wconf 80' lang='grc' dir='ltr'><strong>δ’</strong></span> <span class='ocrx_word' id='word_1_83' title='bbox 1078 1549 1198 1625; x_wconf 80' lang='grc' dir='ltr'><strong>οὔ·</strong></span> <span class='ocrx_word' id='word_1_84' title='bbox 1252 1553 1535 1621; x_wconf 85' lang='lat' dir='ltr'><strong>membr.</strong></span> <span class='ocrx_word' id='word_1_85' title='bbox 1571 1550 1775 1619; x_wconf 89' lang='lat' dir='ltr'><strong>Bodl.</strong></span> <span class='ocrx_word' id='word_1_86' title='bbox 1810 1559 1880 1619; x_wconf 91' lang='lat' dir='ltr'><strong>et</strong></span> <span class='ocrx_word' id='word_1_87' title='bbox 1919 1552 2216 1642; x_wconf 88' lang='lat' dir='ltr'><strong>quinque</strong></span> <span class='ocrx_word' id='word_1_88' title='bbox 2255 1551 2345 1621; x_wconf 88' lang='lat' dir='ltr'><strong>de</strong></span> <span class='ocrx_word' id='word_1_89' title='bbox 2378 1576 2496 1622; x_wconf 75' lang='lat' dir='ltr'><strong>se-</strong></span> 
     </span>
     <span class='ocr_line' id='line_1_11' title="bbox 270 1651 2493 1747; baseline 0.002 -27"><span class='ocrx_word' id='word_1_90' title='bbox 270 1652 494 1720; x_wconf 80' lang='lat' dir='ltr'><strong>decim</strong></span> <span class='ocrx_word' id='word_1_91' title='bbox 537 1652 737 1722; x_wconf 84' lang='lat' dir='ltr'><strong>codd.</strong></span> <span class='ocrx_word' id='word_1_92' title='bbox 766 1651 1100 1740; x_wconf 86' lang='lat' dir='ltr'><strong>Bekkeri,</strong></span> <span class='ocrx_word' id='word_1_93' title='bbox 1152 1664 1444 1746; x_wconf 87' lang='lat' dir='ltr'><strong>octoque</strong></span> <span class='ocrx_word' id='word_1_94' title='bbox 1487 1655 1723 1747; x_wconf 89' lang='lat' dir='ltr'><strong>optimi</strong></span> <span class='ocrx_word' id='word_1_95' title='bbox 1758 1654 1948 1747; x_wconf 89' lang='lat' dir='ltr'><strong>apud</strong></span> <span class='ocrx_word' id='word_1_96' title='bbox 1977 1655 2493 1725; x_wconf 88' lang='lat' dir='ltr'><strong>Stallbaumium</strong></span> 
     </span>
     <span class='ocr_line' id='line_1_12' title="bbox 264 1751 2491 1853; baseline 0.003 -31"><span class='ocrx_word' id='word_1_97' title='bbox 264 1756 603 1848; x_wconf 78' lang='lat' dir='ltr'><strong>praebent</strong></span> <span class='ocrx_word' id='word_1_98' title='bbox 645 1754 756 1835; x_wconf 82' lang='grc' dir='ltr'><strong>τίς</strong></span> <span class='ocrx_word' id='word_1_99' title='bbox 787 1754 877 1828; x_wconf 76' lang='grc' dir='ltr'><strong><em>ἄν</em></strong></span> <span class='ocrx_word' id='word_1_100' title='bbox 916 1751 1160 1831; x_wconf 74' lang='grc' dir='ltr'><strong><em>αὐτῶν</em></strong></span> <span class='ocrx_word' id='word_1_101' title='bbox 1202 1752 1427 1853; x_wconf 77' lang='grc' dir='ltr'>σοφός</span> <span class='ocrx_word' id='word_1_102' title='bbox 1467 1762 1646 1831; x_wconf 77' lang='grc' dir='ltr'>ἐστι.</span> <span class='ocrx_word' id='word_1_103' title='bbox 1751 1758 1890 1844; x_wconf 80' lang='lat' dir='ltr'><strong>Qui</strong></span> <span class='ocrx_word' id='word_1_104' title='bbox 1931 1759 2120 1827; x_wconf 86' lang='lat' dir='ltr'><strong>locus</strong></span> <span class='ocrx_word' id='word_1_105' title='bbox 2166 1768 2268 1827; x_wconf 86' lang='lat' dir='ltr'><strong>est</strong></span> <span class='ocrx_word' id='word_1_106' title='bbox 2310 1758 2491 1828; x_wconf 89' lang='lat' dir='ltr'><strong>eius-</strong></span> 
     </span>
     <span class='ocr_line' id='line_1_13' title="bbox 268 1858 2493 1953; baseline 0.001 -24"><span class='ocrx_word' id='word_1_107' title='bbox 268 1859 492 1944; x_wconf 88' lang='lat' dir='ltr'><strong>modi,</strong></span> <span class='ocrx_word' id='word_1_108' title='bbox 556 1867 667 1945; x_wconf 91' lang='lat' dir='ltr'><strong>ut,</strong></span> <span class='ocrx_word' id='word_1_109' title='bbox 720 1859 779 1927; x_wconf 90' lang='lat' dir='ltr'><strong>si</strong></span> <span class='ocrx_word' id='word_1_110' title='bbox 821 1858 1089 1928; x_wconf 77' lang='lat' dir='ltr'><strong>aliunde</strong></span> <span class='ocrx_word' id='word_1_111' title='bbox 1131 1862 1286 1931; x_wconf 87' lang='lat' dir='ltr'><strong>satis</strong></span> <span class='ocrx_word' id='word_1_112' title='bbox 1330 1862 1588 1938; x_wconf 81' lang='lat' dir='ltr'><strong>firmari</strong></span> <span class='ocrx_word' id='word_1_113' title='bbox 1634 1862 1851 1953; x_wconf 80' lang='lat' dir='ltr'><strong>possit</strong></span> <span class='ocrx_word' id='word_1_114' title='bbox 1889 1861 2015 1930; x_wconf 85' lang='lat' dir='ltr'><strong>ista</strong></span> <span class='ocrx_word' id='word_1_115' title='bbox 2063 1863 2493 1948; x_wconf 77' lang='lat' dir='ltr'><strong>constructio,</strong></span> 
     </span>
     <span class='ocr_line' id='line_1_14' title="bbox 268 1962 2494 2057; baseline 0.001 -26"><span class='ocrx_word' id='word_1_116' title='bbox 268 1962 360 2031; x_wconf 83' lang='lat' dir='ltr'><strong>ad</strong></span> <span class='ocrx_word' id='word_1_117' title='bbox 385 1983 660 2031; x_wconf 87' lang='lat' dir='ltr'><strong>sensum</strong></span> <span class='ocrx_word' id='word_1_118' title='bbox 691 1962 1147 2033; x_wconf 83' lang='lat' dir='ltr'><strong>venustissime</strong></span> <span class='ocrx_word' id='word_1_119' title='bbox 1175 1963 1406 2032; x_wconf 85' lang='lat' dir='ltr'><strong>addita</strong></span> <span class='ocrx_word' id='word_1_120' title='bbox 1428 1964 1736 2033; x_wconf 83' lang='lat' dir='ltr'><strong>videatur</strong></span> <span class='ocrx_word' id='word_1_121' title='bbox 1766 1965 2097 2057; x_wconf 85' lang='lat' dir='ltr'><strong>particula</strong></span> <span class='ocrx_word' id='word_1_122' title='bbox 2114 2015 2136 2053; x_wconf 94' lang='lat'><strong>,</strong></span> <span class='ocrx_word' id='word_1_123' title='bbox 2189 1965 2494 2034; x_wconf 77' lang='lat' dir='ltr'><strong>subindi-</strong></span> 
     </span>
     <span class='ocr_line' id='line_1_15' title="bbox 270 2064 2492 2160; baseline 0.001 -25"><span class='ocrx_word' id='word_1_124' title='bbox 270 2089 431 2135; x_wconf 74' lang='lat' dir='ltr'><strong>euns</strong></span> <span class='ocrx_word' id='word_1_125' title='bbox 473 2064 795 2158; x_wconf 75' lang='lat' dir='ltr'><strong>singulari</strong></span> <span class='ocrx_word' id='word_1_126' title='bbox 839 2086 998 2134; x_wconf 83' lang='lat' dir='ltr'><strong>casu</strong></span> <span class='ocrx_word' id='word_1_127' title='bbox 1039 2068 1183 2136; x_wconf 86' lang='lat' dir='ltr'><strong>fleri</strong></span> <span class='ocrx_word' id='word_1_128' title='bbox 1198 2118 1219 2154; x_wconf 96' lang='lat'><strong>,</strong></span> <span class='ocrx_word' id='word_1_129' title='bbox 1282 2077 1363 2136; x_wconf 90' lang='lat' dir='ltr'><strong>ut</strong></span> <span class='ocrx_word' id='word_1_130' title='bbox 1397 2068 1546 2158; x_wconf 89' lang='lat' dir='ltr'><strong>quis</strong></span> <span class='ocrx_word' id='word_1_131' title='bbox 1591 2089 1755 2136; x_wconf 83' lang='lat' dir='ltr'><strong>vere</strong></span> <span class='ocrx_word' id='word_1_132' title='bbox 1798 2068 2064 2160; x_wconf 85' lang='lat' dir='ltr'><strong>sapiens</strong></span> <span class='ocrx_word' id='word_1_133' title='bbox 2103 2069 2492 2137; x_wconf 76' lang='lat' dir='ltr'><strong>inveniatur.</strong></span> 
     </span>
     <span class='ocr_line' id='line_1_16' title="bbox 268 2167 2493 2264; baseline 0 -26"><span class='ocrx_word' id='word_1_134' title='bbox 268 2169 394 2238; x_wconf 86' lang='lat' dir='ltr'><strong>Est</strong></span> <span class='ocrx_word' id='word_1_135' title='bbox 422 2170 605 2237; x_wconf 88' lang='lat' dir='ltr'><strong>enim</strong></span> <span class='ocrx_word' id='word_1_136' title='bbox 629 2167 739 2248; x_wconf 81' lang='grc' dir='ltr'><strong>τίς</strong></span> <span class='ocrx_word' id='word_1_137' title='bbox 761 2167 853 2241; x_wconf 75' lang='grc' dir='ltr'><strong><em>ἂν</em></strong></span> <span class='ocrx_word' id='word_1_138' title='bbox 885 2191 1005 2261; x_wconf 78' lang='lat' dir='ltr'><strong>qm</strong></span> <span class='ocrx_word' id='word_1_139' title='bbox 1014 2167 1254 2264; x_wconf 79' lang='lat' dir='ltr'><strong>sorte,</strong></span> <span class='ocrx_word' id='word_1_140' title='bbox 1285 2170 1477 2238; x_wconf 87' lang='lat' dir='ltr'><strong>nobis</strong></span> <span class='ocrx_word' id='word_1_141' title='bbox 1505 2191 1662 2239; x_wconf 80' lang='lat' dir='ltr'><strong>wer</strong></span> <span class='ocrx_word' id='word_1_142' title='bbox 1688 2178 1917 2239; x_wconf 80' lang='lat' dir='ltr'><strong>etwa:</strong></span> <span class='ocrx_word' id='word_1_143' title='bbox 1959 2172 2238 2261; x_wconf 88' lang='lat' dir='ltr'><strong>eiusque</strong></span> <span class='ocrx_word' id='word_1_144' title='bbox 2259 2194 2493 2240; x_wconf 87' lang='lat' dir='ltr'><strong>exem-</strong></span> 
     </span>
     <span class='ocr_line' id='line_1_17' title="bbox 268 2270 2495 2364; baseline 0.001 -23"><span class='ocrx_word' id='word_1_145' title='bbox 268 2273 389 2364; x_wconf 88' lang='lat' dir='ltr'><strong>pla</strong></span> <span class='ocrx_word' id='word_1_146' title='bbox 420 2273 628 2341; x_wconf 86' lang='lat' dir='ltr'><strong>etiam</strong></span> <span class='ocrx_word' id='word_1_147' title='bbox 657 2294 814 2340; x_wconf 87' lang='lat' dir='ltr'><strong>cum</strong></span> <span class='ocrx_word' id='word_1_148' title='bbox 843 2270 1070 2341; x_wconf 86' lang='lat' dir='ltr'><strong>futuro</strong></span> <span class='ocrx_word' id='word_1_149' title='bbox 1097 2273 1304 2342; x_wconf 89' lang='lat' dir='ltr'><strong>iuncti</strong></span> <span class='ocrx_word' id='word_1_150' title='bbox 1327 2272 1635 2343; x_wconf 86' lang='lat' dir='ltr'><strong>vidimus.</strong></span> <span class='ocrx_word' id='word_1_151' title='bbox 1739 2271 1833 2340; x_wconf 87' lang='lat' dir='ltr'><strong>Et</strong></span> <span class='ocrx_word' id='word_1_152' title='bbox 1868 2273 2247 2343; x_wconf 79' lang='lat' dir='ltr'><strong>concedere</strong></span> <span class='ocrx_word' id='word_1_153' title='bbox 2274 2273 2495 2343; x_wconf 85' lang='lat' dir='ltr'><strong>debe-</strong></span> 
     </span>
     <span class='ocr_line' id='line_1_18' title="bbox 269 2372 2495 2469; baseline 0.001 -25"><span class='ocrx_word' id='word_1_154' title='bbox 269 2376 477 2461; x_wconf 88' lang='lat' dir='ltr'><strong>bunt,</strong></span> <span class='ocrx_word' id='word_1_155' title='bbox 543 2373 654 2454; x_wconf 82' lang='grc' dir='ltr'><strong>τίς</strong></span> <span class='ocrx_word' id='word_1_156' title='bbox 691 2372 785 2446; x_wconf 74' lang='grc' dir='ltr'><strong><em>ἄν</em></strong></span> <span class='ocrx_word' id='word_1_157' title='bbox 829 2396 984 2443; x_wconf 88' lang='lat' dir='ltr'><strong>cum</strong></span> <span class='ocrx_word' id='word_1_158' title='bbox 1019 2377 1389 2445; x_wconf 85' lang='lat' dir='ltr'><strong>indicativis</strong></span> <span class='ocrx_word' id='word_1_159' title='bbox 1432 2376 1733 2445; x_wconf 91' lang='lat' dir='ltr'><strong>omnium</strong></span> <span class='ocrx_word' id='word_1_160' title='bbox 1774 2383 2160 2469; x_wconf 88' lang='lat' dir='ltr'><strong>temporum</strong></span> <span class='ocrx_word' id='word_1_161' title='bbox 2199 2377 2495 2446; x_wconf 86' lang='lat' dir='ltr'><strong>construi</strong></span> 
     </span>
     <span class='ocr_line' id='line_1_19' title="bbox 272 2472 2500 2572; baseline 0.001 -26"><span class='ocrx_word' id='word_1_162' title='bbox 272 2502 515 2572; x_wconf 88' lang='lat' dir='ltr'><strong>posse,</strong></span> <span class='ocrx_word' id='word_1_163' title='bbox 568 2478 766 2567; x_wconf 87' lang='lat' dir='ltr'><strong>siqui</strong></span> <span class='ocrx_word' id='word_1_164' title='bbox 807 2477 1185 2550; x_wconf 81' lang='lat' dir='ltr'><strong>Schaesero</strong></span> <span class='ocrx_word' id='word_1_165' title='bbox 1211 2480 1688 2566; x_wconf 88' lang='lat' dir='ltr'><strong>assentiuntur,</strong></span> <span class='ocrx_word' id='word_1_166' title='bbox 1740 2472 2054 2569; x_wconf 63' lang='lat' dir='ltr'><strong>quiz-021⁸</strong></span> <span class='ocrx_word' id='word_1_167' title='bbox 2088 2478 2181 2552; x_wconf 75' lang='grc' dir='ltr'><strong><em>ἂν</em></strong></span> <span class='ocrx_word' id='word_1_168' title='bbox 2224 2480 2317 2548; x_wconf 90' lang='lat' dir='ltr'><strong>ita</strong></span> <span class='ocrx_word' id='word_1_169' title='bbox 2360 2480 2500 2567; x_wconf 24' lang='lat' dir='ltr'><strong>dici·</strong></span> 
     </span>
     <span class='ocr_line' id='line_1_20' title="bbox 272 2574 2497 2677; baseline 0.001 -27"><span class='ocrx_word' id='word_1_170' title='bbox 272 2591 488 2676; x_wconf 83' lang='lat' dir='ltr'><strong>putat,</strong></span> <span class='ocrx_word' id='word_1_171' title='bbox 541 2590 618 2650; x_wconf 90' lang='lat' dir='ltr'><strong>ut</strong></span> <span class='ocrx_word' id='word_1_172' title='bbox 648 2579 740 2653; x_wconf 79' lang='grc' dir='ltr'><strong>οἷν</strong></span> <span class='ocrx_word' id='word_1_173' title='bbox 781 2580 871 2650; x_wconf 92' lang='lat' dir='ltr'><strong>ad</strong></span> <span class='ocrx_word' id='word_1_174' title='bbox 908 2574 1099 2675; x_wconf 75' lang='grc' dir='ltr'><strong>τάχα</strong></span> <span class='ocrx_word' id='word_1_175' title='bbox 1121 2585 1475 2677; x_wconf 84' lang='lat' dir='ltr'><strong>pertineat,</strong></span> <span class='ocrx_word' id='word_1_176' title='bbox 1525 2604 1751 2673; x_wconf 91' lang='lat' dir='ltr'><strong>neque</strong></span> <span class='ocrx_word' id='word_1_177' title='bbox 1790 2582 1886 2651; x_wconf 88' lang='lat' dir='ltr'><strong>ad</strong></span> <span class='ocrx_word' id='word_1_178' title='bbox 1919 2583 2205 2652; x_wconf 82' lang='lat' dir='ltr'><strong>verbum</strong></span> <span class='ocrx_word' id='word_1_179' title='bbox 2232 2583 2497 2653; x_wconf 87' lang='lat' dir='ltr'><strong>refera-</strong></span> 
     </span>
     <span class='ocr_line' id='line_1_21' title="bbox 276 2684 2499 2760; baseline 0.001 -6"><span class='ocrx_word' id='word_1_180' title='bbox 276 2698 401 2754; x_wconf 89' lang='lat' dir='ltr'><strong>tur.</strong></span> <span class='ocrx_word' id='word_1_181' title='bbox 506 2686 640 2753; x_wconf 89' lang='lat' dir='ltr'><strong>Par</strong></span> <span class='ocrx_word' id='word_1_182' title='bbox 668 2684 846 2753; x_wconf 89' lang='lat' dir='ltr'><strong>enim</strong></span> <span class='ocrx_word' id='word_1_183' title='bbox 877 2707 1111 2757; x_wconf 86' lang='lat' dir='ltr'><strong>caussa</strong></span> <span class='ocrx_word' id='word_1_184' title='bbox 1143 2697 1264 2757; x_wconf 87' lang='lat' dir='ltr'><strong>est.</strong></span> <span class='ocrx_word' id='word_1_185' title='bbox 1368 2687 1548 2755; x_wconf 91' lang='lat' dir='ltr'><strong>Nam</strong></span> <span class='ocrx_word' id='word_1_186' title='bbox 1579 2687 1746 2754; x_wconf 88' lang='lat' dir='ltr'><strong>latet</strong></span> <span class='ocrx_word' id='word_1_187' title='bbox 1777 2687 1845 2755; x_wconf 93' lang='lat' dir='ltr'><strong>in</strong></span> <span class='ocrx_word' id='word_1_188' title='bbox 1875 2687 2004 2755; x_wconf 90' lang='lat' dir='ltr'><strong>isto</strong></span> <span class='ocrx_word' id='word_1_189' title='bbox 2046 2685 2140 2760; x_wconf 75' lang='grc' dir='ltr'><strong><em>ἂν</em></strong></span> <span class='ocrx_word' id='word_1_190' title='bbox 2163 2688 2311 2756; x_wconf 87' lang='lat' dir='ltr'><strong>talis</strong></span> <span class='ocrx_word' id='word_1_191' title='bbox 2340 2711 2499 2757; x_wconf 88' lang='lat' dir='ltr'><strong>sen-</strong></span> 
     </span>
     <span class='ocr_line' id='line_1_22' title="bbox 276 2785 2498 2887; baseline 0.001 -30"><span class='ocrx_word' id='word_1_192' title='bbox 276 2789 481 2858; x_wconf 84' lang='lat' dir='ltr'><strong>tentia</strong></span> <span class='ocrx_word' id='word_1_193' title='bbox 500 2839 522 2877; x_wconf 83' lang='lat'><strong>,</strong></span> <span class='ocrx_word' id='word_1_194' title='bbox 572 2786 682 2867; x_wconf 78' lang='grc' dir='ltr'><strong>τίς</strong></span> <span class='ocrx_word' id='word_1_195' title='bbox 728 2785 820 2860; x_wconf 75' lang='grc' dir='ltr'><strong><em>ἄν</em></strong></span> <span class='ocrx_word' id='word_1_196' title='bbox 855 2790 960 2887; x_wconf 78' lang='grc' dir='ltr'><strong>εἴη</strong></span> <span class='ocrx_word' id='word_1_197' title='bbox 1013 2788 1111 2871; x_wconf 80' lang='grc' dir='ltr'><strong>ὅς.</strong></span> <span class='ocrx_word' id='word_1_198' title='bbox 1213 2789 1501 2860; x_wconf 84' lang='lat' dir='ltr'><strong>Videtur</strong></span> <span class='ocrx_word' id='word_1_199' title='bbox 1541 2797 1770 2858; x_wconf 88' lang='lat' dir='ltr'><strong>autem</strong></span> <span class='ocrx_word' id='word_1_200' title='bbox 1808 2789 2007 2858; x_wconf 83' lang='lat' dir='ltr'><strong>valde</strong></span> <span class='ocrx_word' id='word_1_201' title='bbox 2048 2789 2324 2882; x_wconf 86' lang='lat' dir='ltr'><strong>plaeere</strong></span> <span class='ocrx_word' id='word_1_202' title='bbox 2371 2791 2498 2860; x_wconf 85' lang='lat' dir='ltr'><strong>sibi</strong></span> 
     </span>
     <span class='ocr_line' id='line_1_23' title="bbox 280 2885 2496 2986; baseline 0 -25"><span class='ocrx_word' id='word_1_203' title='bbox 280 2917 360 2962; x_wconf 86' lang='lat' dir='ltr'><strong>ea</strong></span> <span class='ocrx_word' id='word_1_204' title='bbox 382 2894 454 2960; x_wconf 90' lang='lat' dir='ltr'><strong>in</strong></span> <span class='ocrx_word' id='word_1_205' title='bbox 479 2915 556 2960; x_wconf 90' lang='lat' dir='ltr'><strong>re</strong></span> <span class='ocrx_word' id='word_1_206' title='bbox 572 2889 1003 2982; x_wconf 83' lang='lat' dir='ltr'><strong>Schaeferus,</strong></span> <span class='ocrx_word' id='word_1_207' title='bbox 1042 2893 1160 2984; x_wconf 88' lang='lat' dir='ltr'><strong>qui</strong></span> <span class='ocrx_word' id='word_1_208' title='bbox 1178 2892 1267 2962; x_wconf 88' lang='lat' dir='ltr'><strong>de</strong></span> <span class='ocrx_word' id='word_1_209' title='bbox 1293 2893 1410 2962; x_wconf 89' lang='lat' dir='ltr'><strong>illo</strong></span> <span class='ocrx_word' id='word_1_210' title='bbox 1437 2885 1610 2983; x_wconf 70' lang='grc' dir='ltr'><strong>τάχ’</strong></span> <span class='ocrx_word' id='word_1_211' title='bbox 1644 2921 1736 2965; x_wconf 90' lang='grc' dir='ltr'><strong>αν</strong></span> <span class='ocrx_word' id='word_1_212' title='bbox 1757 2913 1894 2961; x_wconf 87' lang='grc' dir='ltr'>ιιοιι</span> <span class='ocrx_word' id='word_1_213' title='bbox 1923 2894 2142 2961; x_wconf 91' lang='lat' dir='ltr'><strong>solum</strong></span> <span class='ocrx_word' id='word_1_214' title='bbox 2172 2894 2263 2963; x_wconf 89' lang='lat' dir='ltr'><strong>ad</strong></span> <span class='ocrx_word' id='word_1_215' title='bbox 2280 2893 2496 2986; x_wconf 85' lang='lat' dir='ltr'><strong>Greg.</strong></span> 
     </span>
    </p>

    <p class='ocr_par' dir='ltr' id='par_1_4' title="bbox 284 2992 2500 3607">
     <span class='ocr_line' id='line_1_24' title="bbox 284 2992 2499 3089; baseline 0 -24"><span class='ocrx_word' id='word_1_216' title='bbox 284 2996 441 3065; x_wconf 85' lang='lat' dir='ltr'><strong>Cor.</strong></span> <span class='ocrx_word' id='word_1_217' title='bbox 482 3018 554 3087; x_wconf 88' lang='lat' dir='ltr'><strong>p.</strong></span> <span class='ocrx_word' id='word_1_218' title='bbox 593 2992 714 3062; x_wconf 78' lang='lat'><strong>44.</strong></span> <span class='ocrx_word' id='word_1_219' title='bbox 769 2992 893 3063; x_wconf 86' lang='lat' dir='ltr'><strong>sed</strong></span> <span class='ocrx_word' id='word_1_220' title='bbox 938 2997 1209 3089; x_wconf 88' lang='lat' dir='ltr'><strong>saepius</strong></span> <span class='ocrx_word' id='word_1_221' title='bbox 1254 2996 1345 3065; x_wconf 92' lang='lat' dir='ltr'><strong>ad</strong></span> <span class='ocrx_word' id='word_1_222' title='bbox 1389 2995 1810 3088; x_wconf 89' lang='lat' dir='ltr'><strong>Sophoclem</strong></span> <span class='ocrx_word' id='word_1_223' title='bbox 1850 2997 2220 3086; x_wconf 85' lang='lat' dir='ltr'><strong>monuerit,</strong></span> <span class='ocrx_word' id='word_1_224' title='bbox 2287 3006 2363 3065; x_wconf 92' lang='lat' dir='ltr'><strong>ut</strong></span> <span class='ocrx_word' id='word_1_225' title='bbox 2405 2996 2499 3065; x_wconf 88' lang='lat' dir='ltr'><strong>ad</strong></span> 
     </span>
     <span class='ocr_line' id='line_1_25' title="bbox 285 3092 2496 3171; baseline 0 -3"><span class='ocrx_word' id='word_1_226' title='bbox 285 3098 460 3168; x_wconf 86' lang='lat' dir='ltr'><strong>Oed.</strong></span> <span class='ocrx_word' id='word_1_227' title='bbox 504 3100 594 3170; x_wconf 82' lang='lat' dir='ltr'><strong>R.</strong></span> <span class='ocrx_word' id='word_1_228' title='bbox 643 3092 819 3170; x_wconf 77' lang='grc'><strong>523.</strong></span> <span class='ocrx_word' id='word_1_229' title='bbox 865 3096 957 3166; x_wconf 86' lang='lat' dir='ltr'><strong>ad</strong></span> <span class='ocrx_word' id='word_1_230' title='bbox 1004 3098 1182 3168; x_wconf 91' lang='lat' dir='ltr'><strong>Oed.</strong></span> <span class='ocrx_word' id='word_1_231' title='bbox 1228 3098 1381 3169; x_wconf 85' lang='lat' dir='ltr'><strong>Col.</strong></span> <span class='ocrx_word' id='word_1_232' title='bbox 1409 3094 1585 3171; x_wconf 80' lang='grc'><strong>965.</strong></span> <span class='ocrx_word' id='word_1_233' title='bbox 1613 3110 1686 3167; x_wconf 88' lang='lat' dir='ltr'><strong>et</strong></span> <span class='ocrx_word' id='word_1_234' title='bbox 1726 3097 1944 3168; x_wconf 73' lang='lat'><strong>1⁰76.</strong></span> <span class='ocrx_word' id='word_1_235' title='bbox 1973 3100 2082 3168; x_wconf 84' lang='lat' dir='ltr'><strong>et</strong></span> <span class='ocrx_word' id='word_1_236' title='bbox 2063 3121 2134 3168; x_wconf 85' lang='grc' dir='ltr'><strong>ιιι</strong></span> <span class='ocrx_word' id='word_1_237' title='bbox 2165 3097 2496 3168; x_wconf 86' lang='lat' dir='ltr'><strong>addendis</strong></span> 
     </span>
     <span class='ocr_line' id='line_1_26' title="bbox 284 3198 2497 3274; baseline 0 -4"><span class='ocrx_word' id='word_1_238' title='bbox 284 3203 367 3271; x_wconf 80' lang='lat' dir='ltr'><strong>ad</strong></span> <span class='ocrx_word' id='word_1_239' title='bbox 401 3200 587 3273; x_wconf 77' lang='lat' dir='ltr'><strong>Oed.</strong></span> <span class='ocrx_word' id='word_1_240' title='bbox 620 3200 711 3273; x_wconf 84' lang='lat' dir='ltr'><strong>R.</strong></span> <span class='ocrx_word' id='word_1_241' title='bbox 760 3198 934 3274; x_wconf 77' lang='grc'><strong>139.</strong></span> <span class='ocrx_word' id='word_1_242' title='bbox 986 3201 1254 3272; x_wconf 87' lang='lat' dir='ltr'><strong>Vellem</strong></span> <span class='ocrx_word' id='word_1_243' title='bbox 1284 3224 1447 3271; x_wconf 82' lang='lat' dir='ltr'><strong>vero</strong></span> <span class='ocrx_word' id='word_1_244' title='bbox 1490 3202 2017 3273; x_wconf 75' lang='lat' dir='ltr'><strong>demonstrasset</strong></span> <span class='ocrx_word' id='word_1_245' title='bbox 2043 3203 2146 3270; x_wconf 83' lang='lat' dir='ltr'><strong>vir</strong></span> <span class='ocrx_word' id='word_1_246' title='bbox 2185 3203 2497 3270; x_wconf 86' lang='lat' dir='ltr'><strong>doctissi-</strong></span> 
     </span>
     <span class='ocr_line' id='line_1_27' title="bbox 285 3305 2497 3403; baseline -0 -30"><span class='ocrx_word' id='word_1_247' title='bbox 285 3329 449 3379; x_wconf 57' lang='lat' dir='ltr'><strong>mun</strong></span> <span class='ocrx_word' id='word_1_248' title='bbox 556 3305 735 3373; x_wconf 88' lang='lat' dir='ltr'><strong>Nam</strong></span> <span class='ocrx_word' id='word_1_249' title='bbox 769 3326 851 3372; x_wconf 81' lang='lat' dir='ltr'><strong>ex</strong></span> <span class='ocrx_word' id='word_1_250' title='bbox 891 3306 1029 3375; x_wconf 83' lang='lat' dir='ltr'><strong>istis</strong></span> <span class='ocrx_word' id='word_1_251' title='bbox 1064 3305 1428 3403; x_wconf 84' lang='lat' dir='ltr'><strong>exemplis,</strong></span> <span class='ocrx_word' id='word_1_252' title='bbox 1479 3307 1722 3396; x_wconf 88' lang='lat' dir='ltr'><strong>quibus</strong></span> <span class='ocrx_word' id='word_1_253' title='bbox 1760 3306 1965 3373; x_wconf 87' lang='lat' dir='ltr'><strong>utitur</strong></span> <span class='ocrx_word' id='word_1_254' title='bbox 1980 3354 2002 3391; x_wconf 91' lang='lat'>‚</span> <span class='ocrx_word' id='word_1_255' title='bbox 2053 3328 2138 3373; x_wconf 88' lang='lat' dir='ltr'><strong>ne</strong></span> <span class='ocrx_word' id='word_1_256' title='bbox 2184 3305 2299 3372; x_wconf 89' lang='lat' dir='ltr'><strong>illa</strong></span> <span class='ocrx_word' id='word_1_257' title='bbox 2340 3305 2497 3395; x_wconf 88' lang='lat' dir='ltr'><strong>qui-</strong></span> 
     </span>
     <span class='ocr_line' id='line_1_28' title="bbox 284 3408 2500 3500; baseline -0.001 -23"><span class='ocrx_word' id='word_1_258' title='bbox 284 3409 439 3479; x_wconf 84' lang='lat' dir='ltr'><strong>dem</strong></span> <span class='ocrx_word' id='word_1_259' title='bbox 472 3408 649 3490; x_wconf 87' lang='lat' dir='ltr'><strong>dno,</strong></span> <span class='ocrx_word' id='word_1_260' title='bbox 700 3429 877 3498; x_wconf 88' lang='lat' dir='ltr'><strong>quae</strong></span> <span class='ocrx_word' id='word_1_261' title='bbox 906 3431 991 3477; x_wconf 86' lang='lat' dir='ltr'><strong>ex</strong></span> <span class='ocrx_word' id='word_1_262' title='bbox 1022 3409 1316 3478; x_wconf 84' lang='lat' dir='ltr'><strong>Platonis</strong></span> <span class='ocrx_word' id='word_1_263' title='bbox 1349 3409 1671 3477; x_wconf 87' lang='lat' dir='ltr'><strong>Phaedro</strong></span> <span class='ocrx_word' id='word_1_264' title='bbox 1695 3409 1942 3495; x_wconf 85' lang='lat' dir='ltr'><strong>attulit,</strong></span> <span class='ocrx_word' id='word_1_265' title='bbox 1994 3430 2141 3475; x_wconf 90' lang='lat' dir='ltr'><strong>rem</strong></span> <span class='ocrx_word' id='word_1_266' title='bbox 2176 3430 2500 3500; x_wconf 86' lang='lat' dir='ltr'><strong>compro-</strong></span> 
     </span>
     <span class='ocr_line' id='line_1_29' title="bbox 284 3505 2499 3634; baseline 0 -52"><span class='ocrx_word' id='word_1_267' title='bbox 284 3514 461 3582; x_wconf 85' lang='lat' dir='ltr'><strong>bant.</strong></span> <span class='ocrx_word' id='word_1_268' title='bbox 568 3510 832 3578; x_wconf 88' lang='lat' dir='ltr'><strong>Eorum</strong></span> <span class='ocrx_word' id='word_1_269' title='bbox 871 3513 1057 3605; x_wconf 88' lang='lat' dir='ltr'><strong>prius</strong></span> <span class='ocrx_word' id='word_1_270' title='bbox 1095 3522 1197 3582; x_wconf 89' lang='lat' dir='ltr'><strong>est</strong></span> <span class='ocrx_word' id='word_1_271' title='bbox 1234 3534 1307 3604; x_wconf 90' lang='lat' dir='ltr'><strong>p.</strong></span> <span class='ocrx_word' id='word_1_272' title='bbox 1355 3510 1526 3582; x_wconf 80' lang='grc'><strong>256.</strong></span> <span class='ocrx_word' id='word_1_273' title='bbox 1571 3512 1656 3581; x_wconf 93' lang='grc' dir='ltr'><strong>Β.</strong></span> <span class='ocrx_word' id='word_1_274' title='bbox 1697 3511 1777 3581; x_wconf 86' lang='lat' dir='ltr'><strong>C.</strong></span> <span class='ocrx_word' id='word_1_275' title='bbox 1833 3505 1963 3586; x_wconf 81' lang='grc' dir='ltr'><strong>ἐαν</strong></span> <span class='ocrx_word' id='word_1_276' title='bbox 2010 3511 2088 3583; x_wconf 80' lang='grc' dir='ltr'><strong>δὲ</strong></span> <span class='ocrx_word' id='word_1_277' title='bbox 2122 3505 2212 3607; x_wconf 73' lang='grc' dir='ltr'><em>δὴ</em></span> <span class='ocrx_word' id='word_1_278' title='bbox 2255 3510 2499 3634; x_wconf 82' lang='grc' dir='ltr'>διαίτῃ</span> 
     </span>
    </p>
   </div>
   <div class='ocr_carea' id='block_1_3' title="bbox 283 3607 2507 4638">
    <p class='ocr_par' dir='ltr' id='par_1_5' title="bbox 283 3607 2506 4329">
     <span class='ocr_line' id='line_1_30' title="bbox 286 3607 2500 3737; baseline -0.001 -48"><span class='ocrx_word' id='word_1_279' title='bbox 286 3614 792 3737; x_wconf 77' lang='grc' dir='ltr'>φορτικωτέρᾳ</span> <span class='ocrx_word' id='word_1_280' title='bbox 830 3642 915 3688; x_wconf 78' lang='grc' dir='ltr'><strong>τε</strong></span> <span class='ocrx_word' id='word_1_281' title='bbox 961 3612 1080 3687; x_wconf 74' lang='grc' dir='ltr'><strong>καὶ</strong></span> <span class='ocrx_word' id='word_1_282' title='bbox 1129 3608 1602 3712; x_wconf 73' lang='grc' dir='ltr'>ἀφιλοσόφῳ,</span> <span class='ocrx_word' id='word_1_283' title='bbox 1662 3612 2030 3711; x_wconf 76' lang='grc' dir='ltr'>φιλοτίμῳ</span> <span class='ocrx_word' id='word_1_284' title='bbox 2060 3613 2137 3688; x_wconf 70' lang='grc' dir='ltr'><strong>δὲ</strong></span> <span class='ocrx_word' id='word_1_285' title='bbox 2179 3607 2500 3706; x_wconf 80' lang='grc' dir='ltr'><strong><em>χρήσων-</em></strong></span> 
     </span>
     <span class='ocr_line' id='line_1_31' title="bbox 283 3709 2503 3842; baseline -0.001 -51"><span class='ocrx_word' id='word_1_286' title='bbox 283 3747 438 3809; x_wconf 80' lang='grc' dir='ltr'>ται,</span> <span class='ocrx_word' id='word_1_287' title='bbox 491 3709 637 3806; x_wconf 78' lang='grc' dir='ltr'>τοίχ</span> <span class='ocrx_word' id='word_1_288' title='bbox 694 3713 786 3787; x_wconf 78' lang='grc' dir='ltr'><strong><em>ἄν</em></strong></span> <span class='ocrx_word' id='word_1_289' title='bbox 814 3742 956 3789; x_wconf 89' lang='grc' dir='ltr'><strong>που</strong></span> <span class='ocrx_word' id='word_1_290' title='bbox 985 3721 1062 3792; x_wconf 74' lang='grc' dir='ltr'><strong><em>ἐν</em></strong></span> <span class='ocrx_word' id='word_1_291' title='bbox 1088 3717 1432 3811; x_wconf 52' lang='lat' dir='ltr'><strong>uddone*</strong></span> <span class='ocrx_word' id='word_1_292' title='bbox 1383 3745 1447 3842; x_wconf 84' lang='grc' dir='ltr'><em>η</em></span> <span class='ocrx_word' id='word_1_293' title='bbox 1461 3746 1613 3791; x_wconf 86' lang='grc' dir='ltr'>τινι</span> <span class='ocrx_word' id='word_1_294' title='bbox 1647 3716 1823 3839; x_wconf 81' lang='grc' dir='ltr'><strong><em>ἄλλῃ</em></strong></span> <span class='ocrx_word' id='word_1_295' title='bbox 1855 3712 2158 3813; x_wconf 74' lang='grc' dir='ltr'><strong>ἀμελείᾳ</strong></span> <span class='ocrx_word' id='word_1_296' title='bbox 2189 3744 2292 3790; x_wconf 86' lang='grc' dir='ltr'><strong>τω</strong></span> <span class='ocrx_word' id='word_1_297' title='bbox 2327 3712 2503 3789; x_wconf 79' lang='grc' dir='ltr'>οἷκο-</span> 
     </span>
     <span class='ocr_line' id='line_1_32' title="bbox 284 3813 2501 3917; baseline -0.001 -23"><span class='ocrx_word' id='word_1_298' title='bbox 284 3815 524 3894; x_wconf 77' lang='grc' dir='ltr'><strong><em>λάστω</em></strong></span> <span class='ocrx_word' id='word_1_299' title='bbox 575 3813 835 3892; x_wconf 76' lang='grc' dir='ltr'>αὐτοῖν</span> <span class='ocrx_word' id='word_1_300' title='bbox 865 3817 1216 3914; x_wconf 78' lang='grc' dir='ltr'><strong>ὐποζυγίω</strong></span> <span class='ocrx_word' id='word_1_301' title='bbox 1261 3814 1572 3914; x_wconf 77' lang='grc' dir='ltr'><strong><em>λαβόντε</em></strong></span> <span class='ocrx_word' id='word_1_302' title='bbox 1612 3813 1743 3901; x_wconf 77' lang='grc' dir='ltr'><strong>τοῖς</strong></span> <span class='ocrx_word' id='word_1_303' title='bbox 1786 3841 2023 3915; x_wconf 81' lang='grc' dir='ltr'>ψυχας</span> <span class='ocrx_word' id='word_1_304' title='bbox 2058 3813 2501 3917; x_wconf 77' lang='grc' dir='ltr'>οἷφρούρους,</span> 
     </span>
     <span class='ocr_line' id='line_1_33' title="bbox 285 3913 2505 4021; baseline -0.001 -25"><span class='ocrx_word' id='word_1_305' title='bbox 285 3913 779 4017; x_wconf 66' lang='grc' dir='ltr'>συναγαγόντι</span> <span class='ocrx_word' id='word_1_306' title='bbox 817 3950 914 4004; x_wconf 79' lang='grc' dir='ltr'><strong>εις</strong></span> <span class='ocrx_word' id='word_1_307' title='bbox 942 3917 1241 4011; x_wconf 78' lang='grc' dir='ltr'><strong><em>ταύτόν,</em></strong></span> <span class='ocrx_word' id='word_1_308' title='bbox 1292 3951 1428 4021; x_wconf 83' lang='grc' dir='ltr'><strong><em>την</em></strong></span> <span class='ocrx_word' id='word_1_309' title='bbox 1458 3916 1603 3996; x_wconf 76' lang='grc' dir='ltr'><strong>ὑπο</strong></span> <span class='ocrx_word' id='word_1_310' title='bbox 1649 3923 1798 3996; x_wconf 80' lang='grc' dir='ltr'><strong><em>τῶν</em></strong></span> <span class='ocrx_word' id='word_1_311' title='bbox 1840 3922 2122 3997; x_wconf 73' lang='grc' dir='ltr'><strong><em>πολλῶν</em></strong></span> <span class='ocrx_word' id='word_1_312' title='bbox 2171 3948 2505 4018; x_wconf 77' lang='grc' dir='ltr'>μακαρι-</span> 
     </span>
     <span class='ocr_line' id='line_1_34' title="bbox 287 4018 2505 4154; baseline -0.001 -55"><span class='ocrx_word' id='word_1_313' title='bbox 287 4019 468 4122; x_wconf 76' lang='grc' dir='ltr'><strong><em>στῆν</em></strong></span> <span class='ocrx_word' id='word_1_314' title='bbox 512 4031 795 4121; x_wconf 73' lang='grc' dir='ltr'>αἵρεσιν</span> <span class='ocrx_word' id='word_1_315' title='bbox 839 4027 1111 4145; x_wconf 74' lang='grc' dir='ltr'><strong><em>εἶλέτην</em></strong></span> <span class='ocrx_word' id='word_1_316' title='bbox 1152 4053 1236 4100; x_wconf 77' lang='grc' dir='ltr'><strong>τε</strong></span> <span class='ocrx_word' id='word_1_317' title='bbox 1275 4028 1393 4098; x_wconf 79' lang='grc' dir='ltr'><strong>καί</strong></span> <span class='ocrx_word' id='word_1_318' title='bbox 1439 4018 1961 4154; x_wconf 73' lang='grc' dir='ltr'>διεπράξαντο,</span> <span class='ocrx_word' id='word_1_319' title='bbox 2012 4022 2134 4097; x_wconf 77' lang='grc' dir='ltr'><strong>και</strong></span> <span class='ocrx_word' id='word_1_320' title='bbox 2179 4028 2505 4121; x_wconf 80' lang='grc' dir='ltr'>διαπρα-</span> 
     </span>
     <span class='ocr_line' id='line_1_35' title="bbox 290 4121 2506 4251; baseline -0.001 -51"><span class='ocrx_word' id='word_1_321' title='bbox 290 4129 569 4222; x_wconf 73' lang='grc' dir='ltr'><strong><em>ξαμὲνω</em></strong></span> <span class='ocrx_word' id='word_1_322' title='bbox 597 4121 950 4202; x_wconf 87' lang='grc' dir='ltr'>τολοιπον</span> <span class='ocrx_word' id='word_1_323' title='bbox 977 4128 1111 4226; x_wconf 80' lang='grc' dir='ltr'><strong>ἤδη</strong></span> <span class='ocrx_word' id='word_1_324' title='bbox 1146 4155 1465 4226; x_wconf 73' lang='grc' dir='ltr'>χρίονται</span> <span class='ocrx_word' id='word_1_325' title='bbox 1493 4128 1633 4223; x_wconf 84' lang='grc' dir='ltr'><strong><em>μὲν</em></strong></span> <span class='ocrx_word' id='word_1_326' title='bbox 1650 4124 1872 4251; x_wconf 77' lang='grc' dir='ltr'>αὐτῇ,</span> <span class='ocrx_word' id='word_1_327' title='bbox 1919 4126 2190 4223; x_wconf 72' lang='grc' dir='ltr'>σπανία</span> <span class='ocrx_word' id='word_1_328' title='bbox 2221 4128 2325 4216; x_wconf 73' lang='grc' dir='ltr'>δι’,</span> <span class='ocrx_word' id='word_1_329' title='bbox 2371 4124 2506 4199; x_wconf 73' lang='grc' dir='ltr'><strong>ἅτε</strong></span> 
     </span>
     <span class='ocr_line' id='line_1_36' title="bbox 295 4224 2505 4355; baseline -0.003 -52"><span class='ocrx_word' id='word_1_330' title='bbox 295 4257 379 4304; x_wconf 85' lang='grc' dir='ltr'><strong>ου</strong></span> <span class='ocrx_word' id='word_1_331' title='bbox 412 4224 608 4326; x_wconf 76' lang='grc' dir='ltr'><strong>πάσῃ</strong></span> <span class='ocrx_word' id='word_1_332' title='bbox 643 4232 1039 4324; x_wconf 73' lang='grc' dir='ltr'>δεδογμενα</span> <span class='ocrx_word' id='word_1_333' title='bbox 1057 4232 1173 4353; x_wconf 57' lang='lat' dir='ltr'><strong>“tii</strong></span> <span class='ocrx_word' id='word_1_334' title='bbox 1201 4231 1491 4328; x_wconf 78' lang='grc' dir='ltr'>διανοίᾳ</span> <span class='ocrx_word' id='word_1_335' title='bbox 1516 4225 1982 4355; x_wconf 73' lang='grc' dir='ltr'><strong>πράττοντες.</strong></span> <span class='ocrx_word' id='word_1_336' title='bbox 2032 4233 2341 4301; x_wconf 84' lang='lat' dir='ltr'><strong>Alterum</strong></span> <span class='ocrx_word' id='word_1_337' title='bbox 2366 4229 2505 4298; x_wconf 89' lang='lat' dir='ltr'><strong>hoc</strong></span> 
     </span>
    </p>

    <p class='ocr_par' dir='ltr' id='par_1_6' title="bbox 299 4329 2507 4638">
     <span class='ocr_line' id='line_1_37' title="bbox 405 4329 2507 4432; baseline 0.002 -33.218"><span class='ocrx_word' id='word_1_338' title='bbox 405 4356 567 4425; x_wconf 88' lang='lat' dir='ltr'><strong>‚p</strong></span> <span class='ocrx_word' id='word_1_339' title='bbox 632 4329 809 4406; x_wconf 76' lang='lat'><strong>265.</strong></span> <span class='ocrx_word' id='word_1_340' title='bbox 852 4333 939 4407; x_wconf 95' lang='grc' dir='ltr'><strong>Β.</strong></span> <span class='ocrx_word' id='word_1_341' title='bbox 993 4333 1119 4432; x_wconf 85' lang='grc' dir='ltr'><strong>τῆς</strong></span> <span class='ocrx_word' id='word_1_342' title='bbox 1157 4336 1234 4409; x_wconf 80' lang='grc' dir='ltr'><strong>δὲ</strong></span> <span class='ocrx_word' id='word_1_343' title='bbox 1277 4334 1485 4416; x_wconf 69' lang='grc' dir='ltr'>θείας</span> <span class='ocrx_word' id='word_1_344' title='bbox 1520 4361 1896 4431; x_wconf 75' lang='grc' dir='ltr'><strong><em>τετταρων</em></strong></span> <span class='ocrx_word' id='word_1_345' title='bbox 1941 4333 2136 4407; x_wconf 74' lang='grc' dir='ltr'><strong><em>θεων</em></strong></span> <span class='ocrx_word' id='word_1_346' title='bbox 2181 4336 2507 4427; x_wconf 77' lang='grc' dir='ltr'>τέτταρα</span> 
     </span>
     <span class='ocr_line' id='line_1_38' title="bbox 299 4429 2507 4535; baseline -0.002 -26"><span class='ocrx_word' id='word_1_347' title='bbox 299 4438 476 4535; x_wconf 76' lang='grc' dir='ltr'><strong>μέρη</strong></span> <span class='ocrx_word' id='word_1_348' title='bbox 526 4429 981 4528; x_wconf 75' lang='grc' dir='ltr'>διελόμενοι,</span> <span class='ocrx_word' id='word_1_349' title='bbox 1031 4432 1393 4535; x_wconf 75' lang='grc' dir='ltr'>μαντικήν</span> <span class='ocrx_word' id='word_1_350' title='bbox 1435 4441 1572 4532; x_wconf 73' lang='grc' dir='ltr'><strong><em>μὲν</em></strong></span> <span class='ocrx_word' id='word_1_351' title='bbox 1618 4438 2001 4511; x_wconf 72' lang='grc' dir='ltr'>ἐπίπνοιαν</span> <span class='ocrx_word' id='word_1_352' title='bbox 2048 4431 2507 4514; x_wconf 81' lang='grc' dir='ltr'><strong><em>’Λπόλλωνος</em></strong></span> 
     </span>
     <span class='ocr_line' id='line_1_39' title="bbox 304 4533 2504 4638; baseline -0.001 -25"><span class='ocrx_word' id='word_1_353' title='bbox 304 4542 592 4630; x_wconf 74' lang='grc' dir='ltr'><strong><em>θέντες,</em></strong></span> <span class='ocrx_word' id='word_1_354' title='bbox 648 4533 1023 4615; x_wconf 80' lang='grc' dir='ltr'>Διονύσου</span> <span class='ocrx_word' id='word_1_355' title='bbox 1069 4540 1146 4616; x_wconf 70' lang='grc' dir='ltr'><strong>δὲ</strong></span> <span class='ocrx_word' id='word_1_356' title='bbox 1181 4536 1634 4638; x_wconf 76' lang='grc' dir='ltr'>τελιστικήν,</span> <span class='ocrx_word' id='word_1_357' title='bbox 1689 4539 2015 4614; x_wconf 85' lang='grc' dir='ltr'><strong><em>Μουσων</em></strong></span> <span class='ocrx_word' id='word_1_358' title='bbox 2044 4535 2119 4612; x_wconf 87' lang='grc' dir='ltr'>δ</span> <span class='ocrx_word' id='word_1_359' title='bbox 2164 4535 2258 4613; x_wconf 80' lang='grc' dir='ltr'><strong>αὖ</strong></span> <span class='ocrx_word' id='word_1_360' title='bbox 2283 4564 2504 4638; x_wconf 81' lang='grc' dir='ltr'>ποιη-</span> 
     </span>
    </p>
   </div>
  </div>
 </body>
</html>
