3259 5275
717 511 805 574 44
1393 503 1513 565 DE
1579 501 2137 566 PARTlchA
2181 498 2282 568 ἃν

723 691 968 794 τικῆν,
1016 688 1376 821 τετάρτην
1426 695 1504 770 δὲ
1539 692 1978 825 Ἀφροδίτιζς
2016 695 2137 769 καὶ
2173 694 2542 793 Ἔρωτος,
2595 693 2944 794 ἐρωτικήν

723 801 998 897 μανίαν
1029 794 1400 895 ε’φήσαμέν
1429 826 1513 872 τε
1547 800 1852 922 αρίστην
1881 827 2104 880 ειναι,
2149 827 2280 877 και
2312 797 2442 872 οὐκ
2485 797 2632 873 οἶδ’
2677 799 2819 897 ὅπῃ
2851 795 2947 875 τό

729 897 1075 1025 ε’ρωτικδν
1116 896 1358 984 πάθος
1393 896 1931 987 ἀπεικάζοντες,
1988 904 2152 984 ἴσως
2198 903 2337 996 μὲν
2379 900 2702 1026 άληθοῦς
2742 897 2947 984 τινός

726 998 1273 1102 ἐφαπτόμενοι,
1335 998 1528 1095 τάχα
1581 1001 1655 1078 δ
1700 1004 1792 1077 ἄν
1842 1003 1961 1077 καὶ
1996 1003 2257 1079 ἄλλοσε
2308 1000 2943 1101 παραφερόμενοι,

724 1104 1156 1206 περάσαντες
1197 1135 1286 1181 ου
1339 1134 1808 1181 πανταπασιν
1868 1102 2240 1182 απίθανον
2286 1102 2550 1201 λόγον,
2616 1102 2946 1201 μυθικόν

722 1240 896 1286 τινα
921 1208 1152 1304 ὕμνον
1192 1209 1773 1334 προςεπαίσαμεν
1801 1209 2111 1304 μετρίως
2145 1239 2229 1284 τε
2268 1212 2387 1283 καὶ
2427 1203 2764 1309 εὐφήμως
2807 1206 2947 1284 τόν

725 1308 907 1407 ἐμόν
952 1341 1035 1387 τε
1074 1312 1197 1386 καὶ
1241 1307 1372 1386 σόν
1416 1307 1773 1411 δεσπότην
1807 1312 2151 1408 Ερωτα,
2218 1343 2271 1386 ω
2330 1317 2641 1410 Φαῖδρε,
2706 1314 2946 1386 καλων

723 1418 1001 1491 παίδων
1053 1416 1344 1512 ἔφορον.
1444 1418 1684 1486 Nam
1667 1441 1737 1485 ιιι
1779 1419 2008 1510 priore
2049 1418 2292 1487 horum
2335 1419 2642 1486 locorum
2687 1418 2946 1486 etiamsi

723 1514 919 1610 τάχα
986 1520 1286 1605 abesset,
1346 1531 1532 1589 recte
1602 1530 1919 1613 potuerat
1980 1549 2073 1593 αν
2136 1522 2493 1614 participio
2543 1520 2738 1608 addi,
2803 1544 2945 1612 quo

723 1615 1247 1716 significaretur,
1300 1625 1368 1692 εἰ
1374 1621 1593 1718 sorte
1621 1624 1904 1693 animos
1927 1646 2074 1693 non
2104 1625 2510 1694 custoditos
2538 1624 2946 1717 deprehen-

724 1727 937 1799 dant.
1041 1724 1377 1795 Omittunt
1412 1738 1637 1796 autem
1685 1727 1776 1800 ἂν
1820 1727 2024 1816 aliqui
2070 1728 2297 1801 codd..
2401 1729 2481 1796 ln
2523 1729 2734 1796 altero
2777 1750 2947 1796 vero

721 1833 872 1920 quis
924 1852 1061 1898 non
1105 1828 1328 1916 videt,
1379 1830 1435 1898 si
1482 1829 1837 1922 participio
1885 1829 2318 1899 substituatur
2362 1832 2651 1924 simplex
2706 1832 2947 1916 oratio,

667 1944 670 1947 ’
723 1932 1089 2002 dicendum
1118 1954 1284 2017 esse,
1324 1925 1517 2021 τάχα
1540 1928 1611 2004 δ’
1641 1932 1732 2003 ἄν
1761 1931 2015 2006 ἄλλοσε
2043 1934 2691 2031 παραφεροίμεθα.
2743 1933 2950 2002 Vnde

719 2034 836 2104 hic
880 2057 1155 2126 quoque
1196 2033 1287 2106 ἄν
1332 2058 1489 2103 cum
1515 2035 1728 2104 verbo
1757 2046 2212 2105 constructum
2249 2059 2398 2105 esse
2432 2047 2646 2129 patet.
2751 2037 2947 2107 Talis

721 2148 825 2208 est
853 2140 1055 2209 etiam
1079 2137 1548 2232 Aristophanis
1576 2140 1813 2208 locus
1794 2163 1863 2208 ιιι
1892 2138 2139 2232 Vespis
2169 2164 2234 2212 v.
2270 2139 2443 2214 28⁰.

1052 2283 1247 2381 τάχα
1302 2287 1375 2364 δ’
1429 2319 1519 2363 αν
1572 2285 1698 2365 δια
1745 2286 1880 2365 τόν
1932 2286 2264 2382 χθιζινόν
2325 2290 2632 2392 ἅνθρω-

1052 2421 1236 2482 πον,
1292 2393 1369 2474 ὃς
1420 2393 1607 2491 ημᾶς
1660 2388 1974 2468 διεδύετ

1052 2497 1462 2583 ἐξαπατῶν,
1515 2500 1736 2591 λέγων
1789 2525 1879 2579 ως

1051 2598 1175 2671 καὶ
1228 2594 1717 2723 φιλαθήναιος
1767 2598 1856 2698 ἦν
1908 2600 2029 2677 και

1048 2698 1191 2773 τάν
1242 2697 1477 2798 Σάμῳ
1532 2705 1817 2798 πρῶτος
1866 2703 2239 2795 κατείποι,

1049 2798 1176 2877 δια
1224 2803 1436 2878 τουτ’
1489 2803 1901 2905 όδυνηθείς,

1051 2903 1200 2980 εἶτ’
1252 2911 1415 2990 ἴσως
1465 2916 1699 2983 κεῖται
1749 2912 2146 3009 πυρέττων.

716 3064 897 3133 Nam
927 3061 1090 3152 quid
1120 3063 1303 3131 aliud
1341 3062 1520 3132 istud
1549 3064 2010 3157 participium,
2064 3086 2269 3155 quam
2297 3064 2569 3135 brevior
2606 3064 2948 3156 quaedam

721 3165 995 3236 (licendi
1014 3167 1188 3234 ratio
1207 3176 1328 3255 est,
1358 3178 1700 3235 contracta
1717 3191 1799 3236 ex
1815 3192 1920 3252 eo,
1950 3168 2137 3257 quod
2155 3169 2355 3260 plene
2376 3169 2734 3257 diceretur,
2767 3164 2944 3259 τάχ’

718 3270 812 3343 ἄν
856 3266 1289 3389 ὀδυνηθείη,
1358 3270 1477 3342 καὶ
1521 3267 1682 3342 εἶτα
1715 3277 1951 3343 κεῖται
1997 3268 2434 3364 πυρέττωνῗ
2476 3274 2716 3362 ltaque
2764 3273 2945 3342 eius-

717 3372 908 3443 modi
952 3373 1176 3464 potius
1223 3374 1386 3441 locis
1427 3373 1752 3455 utendum
1782 3384 1925 3441 erat
1955 3373 2373 3457 Schaesero,
2425 3377 2638 3464 qualis
2680 3375 2796 3443 hic
2841 3384 2948 3443 est

717 3475 1139 3547 Andocidis
1121 3499 1190 3543 m
1225 3498 1325 3549 or.
1370 3452 1458 3544 (le
1496 3484 1773 3567 myster.
1808 3475 1981 3549 11Ί.
2024 3500 2096 3567 p.
2144 3473 2266 3549 15.
2321 3478 2461 3546 sive
2499 3476 2670 3551 136.
2711 3477 2941 3551 Bekk.

719 3576 845 3650 58.
886 3578 1123 3651 Reisk.
1181 3580 1356 3673 φέρε
1386 3573 1476 3673 δη
1500 3578 1777 3667 τοίνυν,
1830 3607 1883 3650 ω
1917 3577 2191 3674 ἄνδρες,
2243 3574 2436 3669 τάχα
2467 3609 2604 3677 γαρ
2635 3609 2728 3653 αν
2755 3575 2947 3653 αὐτό

717 3675 1083 3775 βούλεσθε
1116 3684 1545 3768 πυθε’σ,θαι
1602 3709 1642 3753 ο
1684 3684 1760 3755 δὲ
1797 3680 2117 3760 Καλλίας
2146 3681 2223 3754 τί
2259 3679 2700 3776 βουλόμενος
2730 3682 2945 3780 ετίθη

718 3777 855 3899 τῆν
865 3781 1271 3904 ἱκετηρίαν.
1376 3781 1721 3852 Omittit
1669 3811 1763 3856 αν
1797 3784 2018 3853 codex
2043 3807 2276 3874 unus,
2298 3787 2525 3854 nescio
2567 3810 2655 3854 an
2700 3809 2740 3854 e
2784 3808 2944 3854 cor-

716 3878 1018 3959 rectione
1072 3886 1441 3977 cuiuspiam
1504 3889 1946 3980 grammatici.
2066 3887 2161 3956 At
2220 3889 2369 3978 quis
2425 3913 2562 3958 non
2625 3890 2943 3980 corrigat,

716 3984 910 4078 τάχα
938 3981 1078 4082 γάρ
1118 4017 1210 4060 αν
1231 3983 1635 4081 βούλοισθε
1668 3993 2046 4064 πυθέσθαι
2064 3985 2107 4057 ?
2156 3990 2475 4061 Similiter
2493 4003 2852 4085 peccatum
2872 3992 2945 4059 in

718 4091 1127 4186 quibusdam
1157 4091 1339 4160 libris
1368 4093 1708 4163 Herodoti
1740 4093 1923 4168 vul.
1955 4091 2127 4168 136.
2159 4094 2248 4164 de
2275 4117 2413 4186 quo
2453 4095 2613 4166 loco
2643 4097 2715 4164 in
2747 4104 2944 4189 opta-

717 4197 837 4268 tivi
860 4196 1307 4288 explicatione
1338 4195 1621 4271 (licetur.

921 4301 1076 4368 Non
1110 4308 1213 4367 est
1245 4299 1361 4366 hic
1399 4301 1657 4370 silentio
1686 4299 2219 4394 praetereundus
2246 4303 2436 4371 locus
2470 4300 2940 4394 Aristophanis

714 4407 785 4475 in
814 4404 997 4473 Pace
1025 4425 1092 4476 v,
1122 4401 1348 4476 1⁰28.
1373 4403 1442 4472 in
1472 4427 1610 4494 quo
1644 4428 1756 4474 me
1784 4407 1927 4475 iure
1953 4406 2208 4475 notavit
2232 4407 2587 4476 Dobraeus
2615 4431 2686 4498 p.
2717 4404 2943 4496 (110)

717 4507 905 4599 quod
952 4507 1022 4575 in
1057 4506 1283 4582 Elem.
1332 4506 1421 4582 1).
1461 4507 1565 4582 M.
1623 4502 1841 4583 ὁπόσ’
1899 4509 1991 4584 ἄν
2037 4503 2267 4608 χρεών
2319 4514 2477 4585 ἐστι
2528 4508 2938 4601 reliquerim.
