3259 5275
859 488 963 551 DE
997 483 1370 551 MENSVRA
1401 482 1846 561 vrmstvs
1884 478 1983 550 ἄν.
2400 491 2531 561 m
2622 535 2628 541 .

316 677 408 746 de
456 699 596 768 quo
644 666 905 746 monuit
934 699 1155 769 nuper
1183 675 1573 747 Dindorfius
1602 669 1695 745 ad
1722 671 2071 769 Aristoph.
2106 671 2316 772 vesp.
2347 679 2526 774 228.

316 781 504 850 Tum
531 780 776 850 cxvi.
810 776 949 869 35,
989 779 1058 853 6.
1109 781 1178 851 in
1208 781 1614 874 Apollodori
1642 780 1993 850 Lacaena:

522 934 631 1031 τῷ
658 934 733 1009 δὲ
765 933 992 1032 πατρὶ
1021 927 1202 1033 πρός
1228 926 1365 1008 τόν
1393 926 1556 1007 υἱόν
1575 984 1595 1017 ,
1650 933 1744 1009 ἂν
1774 929 2181 1031 ἀγνωμονῇ.

312 1089 487 1159 Item
517 1088 701 1159 xcl.
733 1088 869 1178 13,
923 1088 993 1158 3.
1044 1090 1116 1158 in
1141 1087 1550 1158 Philemonis
1576 1088 1980 1188 Πτέρυεινι

525 1215 876 1342 οἷργῦριόν
905 1245 1057 1315 ἐστι
1082 1266 1099 1283 ·
1143 1242 1372 1317 τοῦτο
1418 1237 1485 1316 δ’
1518 1241 1610 1316 ἄν
1643 1242 1837 1341 ἔχῃς,
1891 1242 2088 1337 λέγε·

314 1398 441 1470 nisi
490 1400 639 1490 quis
688 1398 786 1466 ibi
847 1396 1191 1489 praeferat
1240 1395 1548 1468 editionis
1594 1396 2174 1466 Trincavellianae
2224 1395 2536 1492 scriptu.:

313 1525 467 1571 ram
530 1495 745 1575 τοῦτ’
803 1494 932 1574 §civ
999 1500 1176 1596 ἔχῃς.
1287 1499 1369 1567 ln
1435 1499 1707 1570 Sotadis
1770 1523 1970 1571 versu
2021 1498 2339 1574 xcvm.
2408 1501 2531 1574 10.

315 1628 526 1696 quem
595 1626 733 1674 non
797 1601 987 1672 recte
1049 1601 1403 1672 emendavi
1468 1604 1539 1672 in
1588 1604 1809 1673 Elem.
1856 1604 2071 1677 doctr.
2121 1611 2315 1676 metr.
2363 1628 2534 1702 pag.

313 1708 495 1800 447.
545 1709 615 1777 in
667 1729 806 1798 quo
848 1707 1096 1800 legitur
1150 1705 1227 1788 ὃς
1268 1700 1397 1781 &civ
1435 1702 1521 1803 ᾗ,
1572 1707 2006 1778 scribendum
2030 1708 2328 1788 videtur:

526 1855 848 1956 ἁγαθός,
900 1851 1214 1957 εὐφυής,
1270 1858 1589 1952 δίκαιος,
1642 1854 1942 1959 εὐτυχής
1974 1853 2103 1936 §civ
2131 1856 2198 1958 ᾖ.

322 2016 530 2087 Certe
576 2014 714 2083 hoc
764 2013 906 2082 veri
955 2012 1265 2100 similius,
1331 2037 1538 2106 quam
1591 2038 1730 2107 quo
1780 2015 1936 2108 ipso
2001 2036 2280 2105 quoque
2328 2023 2536 2107 staret

316 2128 644 2205 metrum,
717 2111 1017 2215 εὐτυχής
1065 2143 1177 2198 τις
1238 2116 1331 2191 ἄν
1389 2114 1457 2215 ᾗ.
1580 2118 1725 2188 Sed
1788 2119 1945 2189 satis
1998 2118 2088 2188 de
2140 2119 2536 2211 quaestione

317 2246 499 2320 pene
550 2218 850 2291 ridicula.

525 2324 945 2418 Progredior
1004 2323 1096 2393 ad
1163 2321 1255 2397 ἄν
1315 2325 1706 2417 potentiale.
1837 2325 1949 2395 De
2016 2324 2156 2394 eius
2219 2347 2538 2395 mensura

222 2421 229 2430 ’
319 2425 461 2501 non
511 2440 783 2522 arrepto
834 2437 1087 2497 temere
1138 2450 1274 2497 uno
1327 2436 1531 2518 atque
1582 2431 1796 2499 altero
1849 2429 2209 2521 exemplo,
2262 2429 2387 2498 sed
2428 2429 2537 2498 di-

319 2535 609 2628 ligenter
662 2532 959 2602 collectis
999 2532 1316 2601 similibus
1367 2532 1806 2624 adhibitaque
1854 2532 1996 2602 fide
2047 2533 2375 2602 librorum
2413 2532 2538 2602 du-

319 2639 715 2709 bitationem
763 2638 972 2705 movit
1038 2637 1126 2705 G.
1180 2634 1569 2706 Dindorfius
1625 2639 1851 2731 primo
1914 2639 1984 2706 in
2048 2635 2125 2705 iis
2179 2660 2356 2728 quae
2398 2635 2537 2707 So-

319 2742 556 2836 phocli
604 2765 674 2834 p.
699 2736 801 2808 5ss
838 2765 979 2831 seq.
1031 2750 1175 2808 tum
1217 2763 1393 2829 quae
1420 2741 1767 2832 Aeschylo
1817 2741 2163 2833 praefatus
2216 2751 2316 2810 est
2356 2764 2428 2833 p.
2462 2736 2535 2810 5.

320 2868 548 2937 nuper
629 2854 855 2913 autem
923 2844 1190 2936 plenius
1263 2853 1468 2934 atque
1531 2845 1924 2940 explicatius
1985 2845 2057 2914 in
2117 2845 2540 2934 praefatione

318 2958 677 3042 poetarum
731 2948 1149 3016 scenicorum
1197 2970 1268 3039 p.
1318 2946 1366 3015 7
1411 2972 1603 3040 seqq.
1705 2949 1936 3038 Atque
1987 2948 2204 3015 attulit
2248 2947 2363 3015 hic
2415 2969 2538 3015 ex-

322 3054 557 3145 empla
622 3049 1082 3144 productionis
1152 3050 1547 3140 duodecim,
1617 3053 1926 3145 speciosa
1986 3051 2245 3136 omnia,
2326 3071 2540 3119 unum

322 3168 548 3225 autem
602 3154 929 3223 eiusmodi
948 3207 969 3244 ,
1028 3163 1103 3222 ut
1162 3154 1274 3222 vel
1325 3153 1756 3223 audaciorem
1807 3154 2108 3222 criticum
2162 3153 2538 3222 absterrere

323 3261 413 3329 ab
477 3257 902 3329 emendando
965 3257 1199 3350 possit.
1316 3256 1462 3325 Sed
1523 3267 1752 3327 tamen
1820 3257 1873 3326 si
1928 3257 2039 3326 vel
2083 3256 2540 3348 duplicaretur

320 3365 446 3432 iste
509 3384 864 3449 numeruS‚
931 3360 1096 3452 quid
1162 3369 1303 3428 tam
1362 3384 1587 3452 pauca
1638 3359 1952 3455 exempla
2001 3359 2323 3428 adversus
2380 3360 2538 3428 mil-

321 3469 478 3536 lena
533 3468 649 3534 illa
697 3465 1035 3553 valerent,
1090 3464 1161 3532 in
1214 3462 1456 3554 quibus
1505 3466 1840 3557 particula
1888 3465 2015 3533 ista
2067 3471 2382 3554 correpta
2430 3462 2540 3530 in-

323 3571 635 3640 venitur?
700 3569 828 3637 Est
876 3568 1012 3637 hoc
1060 3568 1157 3635 ita
1208 3579 1712 3663 comparatum,
1763 3579 1839 3637 ut
1888 3590 2122 3638 omnes
2159 3567 2302 3634 veri
2353 3566 2539 3633 simi-

322 3674 614 3743 litudinis
665 3674 834 3740 fines
887 3670 1202 3741 excedat:
1266 3672 1696 3762 elevaturque
1748 3673 1950 3742 etiam
1994 3694 2077 3757 eo
2094 3721 2116 3757 ‚
2167 3667 2355 3759 quod
2404 3691 2542 3737 non

323 3777 649 3870 pauciora
680 3774 960 3844 aliarum
985 3776 1413 3868 reperiuntur
1452 3776 1932 3870 particularum
1965 3775 2274 3866 exempla
2289 3822 2310 3860 ,
2363 3795 2540 3863 qua·-

322 3882 423 3951 les
464 3888 618 3950 sunt
658 3881 834 3972 μέν,
889 3873 1065 3975 γάρ,
1117 3877 1320 3974 πρίν,
1378 3903 1555 3969 quae
1613 3880 1981 3973 scripturae
2031 3876 2543 3971 perturbatione

323 3984 436 4053 hic
489 3985 621 4052 illic
673 3985 768 4052 sic
817 3984 1081 4075 positae
1132 3991 1315 4070 sunt,
1369 3995 1442 4051 ut
1490 3985 1753 4079 possint
1802 3981 2164 4074 aliquando
2215 4003 2346 4074 pro
2384 3980 2539 4049 lon·

324 4088 430 4182 gis
473 4088 748 4157 habitae
796 4085 1029 4157 videri.
1136 4085 1282 4156 Sed
1330 4094 1592 4176 tamen,
1647 4088 1700 4158 si
1739 4088 1886 4179 quis
1939 4084 2322 4179 analogiam
2373 4105 2542 4151 con-

326 4191 612 4279 sideret‚
679 4214 793 4260 eas
859 4189 1138 4281 quidem
1194 4214 1369 4281 quae
1447 4202 1718 4275 natura
1754 4193 2006 4284 longae
2077 4198 2228 4257 sunt
2290 4184 2542 4278 corripi

324 4294 696 4379 interdum,
759 4302 837 4363 ut
878 4288 1009 4367 νύν
1026 4348 1054 4383 ,
1125 4293 1629 4387 deprehendet,
1688 4318 1825 4363 non
1876 4304 2101 4363 autem
2154 4311 2331 4380 quae
2380 4289 2544 4357 bre-

326 4422 446 4468 ves
522 4407 763 4468 natura
828 4408 981 4466 sunt
1046 4398 1287 4491 longas
1358 4400 1540 4487 fieri,
1616 4400 1742 4469 nisi
1811 4399 1987 4467 forte
2052 4393 2241 4487 apud
2314 4392 2545 4484 epicos

329 4502 577 4571 alicubi
647 4510 936 4596 propter
996 4503 1195 4571 metri
1257 4503 1605 4574 rationem.
1731 4501 1875 4571 Sed
1936 4518 2191 4594 operae
2252 4497 2548 4590 pretium
