3259 5275
1047 519 1217 584 LIBI
1258 521 1305 587 1.
1388 520 1587 585 cAP.
1628 525 1693 590 8.
1931 565 1941 584 ι
2473 532 2522 591 0

311 714 393 784 sit
420 721 641 804 atque*
660 712 1268 784 accommodatum.
1330 716 1571 805 anue
1602 714 1964 786 difficultas
2001 727 2289 810 augetur
2315 718 2536 787 etiam·

310 839 420 905 eo,
472 817 698 908 quod,
756 818 919 887 siab
953 818 1231 887 aliarum
1263 820 1763 911 comparatione
1789 820 2172 912 linguarum
2203 820 2518 888 auxilium

308 930 532 1013 petas,
585 919 777 1010 quod
821 920 892 989 in
931 920 1313 990 huiusmodi
1349 945 1428 990 re
1468 924 1798 1016 optimum
1849 947 1998 994 esse
2039 923 2520 1008 adminiculum

307 1025 506 1112 solet,
558 1024 745 1092 nulla
783 1035 887 1093 est
919 1025 1186 1117 lingua,
1238 1026 1425 1094 cuius
1453 1027 1799 1117 particulis
1841 1025 1932 1094 ad
1971 1026 2152 1096 hunc
2191 1028 2401 1095 finem
2427 1027 2521 1098 ita
2669 1067 2672 1070 ¹

305 1127 401 1195 uti
445 1128 695 1220 possis,
734 1137 811 1195 ut
848 1151 972 1196 eac
1011 1150 1150 1197 nou
1188 1138 1303 1196 aut
1327 1130 1673 1217 maiorem,
1724 1139 1840 1198 aut
1879 1130 2228 1220 minorem,
2279 1140 2396 1198 aut
2438 1152 2523 1199 cx

306 1241 498 1323 parto
524 1231 763 1311 saltem
808 1231 1137 1300 diversam
1161 1233 1298 1299 vim
1326 1231 1641 1318 habeant,
1694 1254 1935 1323 eoque,
1981 1232 2142 1301 dum
2175 1234 2523 1325 explican-

307 1333 435 1402 dae
475 1335 577 1402 rei
622 1354 761 1402 nou
800 1335 942 1403 sine
984 1336 1264 1403 utilitate
1310 1336 1755 1423 adhibentur,
1812 1346 2041 1405 tamen
2080 1337 2277 1406 simul
2319 1336 2524 1406 ctiam

305 1429 796 1529 proclivitatem
826 1438 919 1505 ad
965 1437 1322 1507 errandum
1375 1438 1679 1508 afferant.
1783 1441 1890 1509 Ac
1932 1440 2158 1508 nescio
2211 1463 2297 1508 an
2317 1483 2326 1491 ·
2347 1439 2522 1509 haec
2643 1511 2646 1518 ,

307 1542 530 1609 omnia
569 1542 941 1633 praecipuo
979 1543 1276 1631 quodam
1303 1542 1512 1611 modo
1542 1541 1874 1633 quadrent
1916 1543 1986 1611 in
2025 1542 2391 1634 particulas
2427 1542 2522 1614 ἄν

308 1653 373 1712 ct
408 1645 553 1730 κέν,
607 1644 847 1733 quibus
877 1666 1014 1712 non
1055 1646 1271 1713 solum
1303 1646 1370 1713 in
1398 1645 1562 1729 aliis,
1612 1669 1783 1735 quas
1812 1667 1949 1740 ego
1978 1645 2254 1737 quidem
2278 1646 2521 1733 norim,

306 1746 806 1838 linguis-nullae
836 1747 1209 1839 particulae
1242 1771 1326 1817 ex
1356 1749 1536 1816 omni
1563 1759 1760 1841 parte
1787 1749 2198 1842 respondent
2217 1798 2238 1837 ,
2291 1748 2413 1817 sed
2451 1747 2526 1818 in

305 1852 457 1941 ipsa
490 1848 915 1918 Graecorum
963 1851 1194 1943 lingua
1234 1851 1569 1940 quaedam
1604 1854 1980 1944 particulae
2023 1852 2197 1921 adeo
2239 1861 2392 1921 sunt
2429 1852 2523 1920 si-

307 1953 496 2021 miles
519 2002 542 2038 ,
585 1960 662 2021 ut
699 1974 788 2021 ne
821 1954 908 2022 ab
939 1952 1047 2022 his
1070 1954 1369 2044 -quidcm
1409 1954 1756 2045 quomodo
1787 1954 2106 2024 differant
2145 1956 2363 2024 statim
2394 1978 2525 2047 ap-

305 2063 561 2149 pareat.
679 2054 828 2126 Sed
884 2079 1094 2147 quum
1142 2059 1417 2127 omnino
1469 2079 1606 2126 non
1658 2059 1779 2126 nisi
1824 2058 2080 2150 duplex
2122 2059 2228 2127 via
2272 2067 2526 2152 pateat,

308 2181 513 2250 quam
545 2157 694 2248 quis
729 2160 800 2228 in
836 2160 973 2228 hoc
1000 2182 1254 2252 genere
1284 2160 1552 2253 ingredi
1579 2160 1822 2253 possit,
1873 2183 2048 2251 una,
2097 2171 2174 2229 ut
2214 2160 2527 2229 diuturna

307 2271 756 2351 accurataque
798 2274 1106 2331 veterum
1152 2265 1554 2355 scriptorum
1602 2263 1886 2332 lectione
1931 2265 2026 2332 ita
2079 2264 2525 2355 persentiscat

308 2374 715 2458 potestatem
763 2375 833 2434 et
873 2389 1069 2435 usum
1104 2366 1346 2434 harum
1388 2367 1898 2458 particularum,
1950 2365 2527 2462 quemadmodum

308 2469 601 2537 solemus
630 2468 698 2535 in
725 2469 804 2537 iis
848 2470 1123 2563 linguis,
1178 2492 1344 2559 quas
1386 2470 1774 2560 quotidiana
1811 2471 2132 2539 sermonis
2163 2477 2525 2538 consuctu-

309 2571 465 2641 diue
491 2570 941 2655 addiscimus3
991 2574 1221 2659 altera,
1252 2583 1348 2659 ut,
1373 2583 1821 2664 posteaquam
1848 2573 2031 2642 hunc
2046 2596 2314 2643 sensum
2332 2594 2526 2642 com-

306 2698 588 2768 parasse
637 2676 830 2745 nobis
871 2675 1256 2767 videamur,
1306 2675 1398 2744 ad
1443 2677 1657 2746 claras
1688 2700 1844 2745 eum
1885 2677 2357 2768 distinctasque
2396 2699 2528 2746 no-

306 2781 521 2848 tiones
563 2801 884 2847 revocare
935 2780 1354 2866 studeamus,
1417 2801 1595 2868 quae
1644 2780 1922 2870 quidem
1963 2781 2073 2848 via
2108 2782 2252 2849 sola
2295 2780 2529 2848 relicta

310 2891 411 2951 cst
435 2884 536 2969 ei,
589 2880 707 2971 qui
734 2881 985 2951 docere
1028 2884 1207 2952 vultz
1258 2883 1651 2952 conabimur
1677 2883 1889 2979 hanc,
1942 2885 2242 2973 quamvis
2277 2884 2527 2951 diffici-

308 2986 442 3053 lem
469 2985 892 3077 provinciam
929 2986 1001 3054 in
1038 3007 1162 3055 nos
1193 2987 1539 3078 recipere,
1587 3004 2047 3078 rogamusque
2077 2987 2400 3071 lectores,
2450 2996 2529 3055 ut

311 3088 432 3158 has
452 3088 891 3158 subtilitatum
921 3090 1213 3158 latebras
1257 3092 1608 3159 nobiscum
1630 3099 2030 3183 perreptare
2058 3113 2146 3159 ue
2174 3089 2530 3160 fastidiant.

513 3191 691 3260 Sunt
709 3191 777 3259 in
804 3192 1035 3285 lingua
1062 3193 1331 3262 Graeca
1355 3202 1489 3262 tres
1516 3195 1686 3262 aliae
1699 3193 2092 3287 particulae,
2135 3216 2310 3284 quae
2339 3193 2524 3259 simi·-

313 3296 443 3363 lem
472 3304 554 3363 ιιι
581 3294 673 3367 ἄν
703 3304 777 3362 ct
818 3296 936 3368 κέν
970 3296 1108 3363 vim
1134 3296 1422 3383 habeut,
1474 3297 1678 3385 ἴσως,
1730 3289 1912 3386 πού,
1967 3306 2036 3364 et
2063 3297 2176 3382 τέ,
2228 3295 2351 3364 sed
2392 3293 2531 3362 dif-

314 3399 535 3466 ferunt
579 3396 804 3490 gradu
842 3408 912 3468 et
941 3398 1170 3470 modo.
1251 3399 1361 3468 De
1395 3400 1538 3467 sola
1568 3401 1747 3469 enim
1784 3398 2264 3492 significatione
2292 3408 2360 3467 et
2390 3416 2529 3489 po-

315 3511 553 3570 testate
610 3520 822 3588 nunc,
887 3523 1025 3570 non
1073 3501 1163 3572 de
1201 3504 1731 3590 constructione,
1783 3503 2044 3594 loquor.
2152 3502 2531 3575 Commune

317 3606 613 3672 omnium
637 3604 775 3672 hoc
800 3613 932 3692 cst,
984 3606 1174 3695 quod
1207 3608 1597 3675 sententiam
1625 3604 2133 3697 quodammodo
2163 3605 2531 3691 debilitant,

318 3709 511 3798 eique
581 3706 833 3796 aliquid
896 3708 1351 3800 ambiguitatis
1403 3710 1681 3780 addunt.
1751 3738 1754 3743 ·
1812 3708 2022 3780 Cuius
2078 3709 2530 3801 ambiguitatis

316 3812 535 3902 primo
560 3810 818 3903 gradus
857 3810 1102 3880 diversi
1147 3822 1335 3882 sunt:
1388 3814 1518 3881 alia
1561 3815 1737 3882 enim
1783 3812 2160 3906 possibilia,
2211 3814 2340 3880 alia
2382 3812 2529 3881 for-

316 3915 510 3999 tuita,
566 3913 696 3981 alia
737 3915 875 3982 veri
918 3915 1193 4002 similia,
1246 3917 1376 3983 alia
1413 3916 1794 4008 probabilia
1825 3939 1970 3985 esse
2005 3915 2306 3984 dicimus.
2410 3917 2531 3985 At·

322 4039 449 4106 que
499 4018 803 4084 omnium
848 4017 1124 4087 minime
1175 4028 1360 4087 certa
1407 4030 1592 4102 sunt,
1664 4019 1756 4089 «le
1800 4021 2041 4110 quibus
2080 4020 2218 4088 hoc
2273 4028 2529 4088 tantum

322 4121 578 4205 scimus,
628 4142 833 4212 posse
865 4143 949 4188 ea
980 4143 1164 4206 esse,
1217 4121 1340 4190 sed
1377 4121 1542 4190 nibil
1569 4122 1922 4211 habemus,
1975 4145 2123 4192 csse
2148 4121 2331 4191 uude
2362 4144 2531 4190 con-

321 4223 630 4294 iiciamuS.
732 4222 1050 4292 Proxima
1070 4224 1177 4293 his
1210 4235 1386 4310 sunt,
1428 4247 1605 4316 quae
1636 4235 1862 4294 utrum
1903 4225 2052 4313 sint,
2102 4248 2193 4294 an
2223 4248 2358 4294 non
2383 4225 2532 4311 siut,

325 4325 662 4395 fortuitum
708 4336 831 4412 cst,
881 4328 925 4399 i.
944 4350 1021 4396 ‘e.
1064 4349 1148 4397 ex
1193 4328 1417 4418 aliqua
1452 4327 1838 4399 conditione
1873 4352 2292 4421 suspensum,
2344 4329 2532 4396 cuius

326 4430 560 4497 veritas
586 4430 773 4522 prius
807 4424 1287 4524 cognoscenda
1315 4433 1431 4518 sit,
1485 4455 1692 4522 quam
1715 4454 2037 4502 verumne
2075 4432 2178 4516 sit,
2229 4430 2419 4521 quod
2446 4454 2530 4498 ex

330 4551 409 4598 ca
450 4533 741 4626 pendet,
804 4535 1105 4607 sciamus.
1209 4536 1600 4626 Sequuntur
1644 4559 1761 4627 ca,
1832 4558 2008 4627 quae
2065 4532 2239 4604 veris
2293 4533 2533 4604 similia
