3259 5275
671 416 676 420 ’
778 444 910 509 ιω
1286 435 1874 498 mentmffluvm
1925 436 2148 497 maen
2189 435 2497 497 Ριιιιινε.

783 654 920 723 qne
964 630 1255 699 obscura
1298 637 1467 697 sunt.
1573 628 1754 697 Nam
1793 627 1910 717 qni
1943 625 2111 695 locis
2139 624 2615 711 dissociantur,
2666 625 3007 695 dissociari

780 757 993 826 quum
1050 732 1282 800 animis
1325 740 1397 800 et
1437 730 1672 801 studiis
1723 738 2037 824 possunt..
2096 736 2240 798 tum
2285 731 2343 799 si
2385 731 2559 799 alter
2600 728 2690 799 de
2741 730 3007 799 alterius

782 838 1012 908 animo
1050 845 1254 925 atque
1277 835 1739 928 propensione
1770 833 1839 904 in
1877 857 1952 903 se
1986 833 2294 902 dubitare
2333 834 2583 926 incipit

991 988 1141 1063 Vll.
1246 985 1326 1057 P.
1363 985 1485 1057 14.
1587 986 1725 1075 „.P
1769 982 1945 1059 259.
2001 984 2242 1079 ὄνομα
2278 1014 2360 1080 γε
2406 1013 2559 1087 μην
2602 981 2887 1080 οἷμφοΐν
2929 984 3009 1058 ἓν

786 1092 904 1166 καὶ
938 1119 1025 1166 το
1068 1084 1258 1166 αὐτο
1270 1145 1300 1181 ,
1323 1080 1742 1213 ἐπιτάφιος
1783 1087 2010 1171 οὕτως
2042 1083 2599 1183 ὀνομαζόμενος.
2667 1086 2792 1158 ubi
2835 1098 3010 1157 ante

785 1188 1187 1290 ἐπιτάφιος,
1220 1193 1503 1287 opinor,
1536 1191 1579 1268 ὁ
1608 1193 1903 1265 excidit.
1908 1199 1951 1235 66
2001 1192 2096 1261 Et
2119 1193 2353 1285 paullo
2381 1202 2571 1285 post·
2599 1192 2734 1279 „R
2757 1191 3006 1262 241⁸.

786 1298 1069 1393 legitur
1113 1293 1601 1390 ἐπιθαλάμιος
1631 1295 1863 1379 οὕτως
1891 1299 2544 1390 ἑπιγεγραμμέναις
2571 1323 2731 1377 ταις
2767 1290 3003 1391 φ’δαῑς.

799 1403 979 1475 Coa.
1014 1409 1269 1471 noster
1250 1394 1901 1525 ἐπιγραφόμενος.
1973 1397 2470 1490 Scribendum
2502 1399 2742 1494 igitur
2773 1427 2815 1471 ο
2848 1403 3006 1472 ἐπι-

787 1498 1158 1598 θαλάμιος
1189 1501 1415 1585 οὕτως
1456 1496 2039 1599 ἐπιγραφόμενος
2075 1531 2233 1582 ταις
2259 1498 2558 1597 95δαῖςό
2531 1506 2591 1540 “
2692 1502 3005 1594 Dionysii

785 1608 957 1678 haec
993 1608 1204 1677 verba
1235 1615 1422 1676 sunt.
1477 1634 1566 1702 ην
1594 1606 1733 1699 μὲν
1767 1601 1900 1679 οὖν
1932 1633 2052 1679 και
2075 1631 2279 1701 παρα
2309 1610 2625 1701 Σαπφοῖ
2651 1604 2782 1700 τῆς
2811 1606 3009 1684 ἰδέας

785 1704 1054 1808 ταύτης
1098 1708 1699 1805 παραδείγματα,
1764 1703 2257 1800 ἑπιθαλαμιος
2296 1705 2524 1790 οὕτως
2562 1712 3008 1828 ἐπιγεγραμ-

783 1816 1038 1906 μέναις
1063 1819 1222 1895 ταῖς
1253 1809 1489 1908 φ’δαῖς.
1595 1811 1938 1896 Mirabar,
1990 1812 2190 1880 adiici
2229 1811 2582 1896 articuloS,
2634 1811 2754 1902 qui
2801 1811 2858 1878 si
2901 1810 3005 1878 le-

786 1927 1107 2010 gerentur
1152 1917 1219 1984 in
1261 1916 1446 1984 libris
1460 1964 1482 2001 ,
1542 1914 1815 1986 delendi
1860 1923 2116 2001 essent,
2184 1915 2342 2005 quia
2401 1937 2676 2009 prorsus
2736 1914 3005 2007 legibus

786 2021 1055 2114 linguae
1093 2028 1492 2113 repugnant.

766 2224 773 2236 .
992 2169 1432 2241 V111.P.8.
1501 2169 1725 2258 „Pro
1769 2198 1853 2264 γε
1894 2197 1983 2243 το
2026 2162 2493 2265 ἀνθρώπειον
2542 2170 2850 2261 suspicor
2895 2169 3004 2239 le-

783 2276 1113 2370 gendnm
1150 2276 1349 2366 γένος
1378 2300 1467 2347 το
1506 2266 1993 2397 ἀνθρώπειον.
2016 2279 2060 2318 66
2166 2272 2582 2342 Adnotatum
2616 2272 2890 2365 reperio
2931 2275 3001 2341 in

785 2379 1052 2448 schedis
1080 2379 1282 2456 meis,
1334 2387 1453 2445 aut
1482 2405 1572 2451 το
1604 2369 2078 2473 ανθρῶπινον
2109 2379 2346 2499 γένος)
2399 2385 2517 2445 aut
2555 2369 2650 2449 vo*
2677 2378 2882 2468 γένος
2908 2403 2998 2450 το

785 2474 1259 2577 α’νθρῶπινον
1320 2480 1755 2550 scribendum
1793 2480 2025 2549 videri.
2149 2481 2259 2549 Eo
2304 2481 2458 2573 ipse
2489 2480 2561 2548 in
2606 2480 3001 2550 societatem

784 2585 1027 2654 erroris
1064 2583 1237 2655 veni.
1342 2585 1520 2654 Nam
1547 2582 1910 2676 Dionysius
1931 2606 2005 2677 p.
2043 2580 2236 2669 286,
2288 2583 2360 2655 Ἰ.
2410 2592 2775 2678 postquam
2804 2605 2999 2652 oom-

730 2724 739 2741 =
782 2690 1046 2780 paravit
1087 2688 1497 2757 connubium
1536 2686 1889 2757 hominnm
1933 2706 2092 2757 cum
2129 2711 2307 2781 vaga
2333 2688 2602 2758 Venere
2642 2688 3001 2757 brutorum

783 2792 1199 2873 animalium,
1252 2790 1551 2882 dixitque
1592 2792 1770 2861 vitae
1810 2813 1896 2861 ex
1936 2813 2021 2860 eo
2061 2792 2319 2862 cultum
2362 2801 2567 2883 atque
2614 2791 3000 2860 humanita-

781 2907 922 2964 tem
972 2918 1119 2963 esse
1173 2904 1514 2985 exortum,
1565 2895 1662 2964 sie
1703 2894 1968 2988 pergit·
2019 2894 2139 2967 και
2173 2893 2297 2968 ὅτι
2325 2887 2615 3025 θνῃτον
2655 2892 2742 2967 ὅν
2779 2922 2865 2988 ys
2906 2887 3000 2967 τδ

781 2991 1293 3093 ανθρώπειον,
1366 3003 1441 3071 ἐκ
1499 2999 1626 3095 τῆς
1683 2997 1937 3089 μίξεως
1981 3025 2100 3070 και
2146 2998 2520 3079 κοινωνίας
2562 2996 2701 3071 τοῦ
2744 3022 2994 3090 γαμοο

781 3094 1171 3173 α’θανατον
1221 3102 1510 3194 γέγονεν
1577 3104 1654 3175 ἐκ
1696 3101 1823 3198 τῆς
1863 3101 2202 3199 διαδοχῆς
2249 3129 2395 3175 των
2451 3101 2997 3192 ἐπιγινομένων,

782 3200 1005 3298 ὥςπερ
1057 3229 1207 3295 φως
1251 3197 1770 3295 αναπτόμενον
1798 3232 1915 3277 και
1954 3205 2305 3295 διαμένον
2336 3204 2456 3277 iac
2481 3228 2634 3284 τοις
2669 3207 2994 3296 ἐπιγινο-

777 3305 1024 3397 μένοις
1048 3307 1142 3402 τῇ
1171 3297 1497 3403 γεννήσει
1538 3308 1677 3380 τοῦ
1708 3300 2108 3399 ἄνθρωπον
2155 3305 2277 3380 καὶ
2300 3300 2591 3404 μήποτε
2618 3300 2994 3399 α’ποσβεν-

679 3401 1109 3500 Ῑῇνύμενον
1236 3408 1373 3492 Qui
1422 3410 1479 3478 si
1530 3412 1734 3503 γένος
1789 3410 2197 3502 scripsisset,
2283 3410 2641 3503 dupliciter
2696 3407 2993 3478 absurda

778 3509 1054 3580 diceret.
1160 3513 1339 3580 Nam
1368 3511 1569 3581 etiam
1595 3513 1959 3581 bestiarum
1987 3535 2202 3605 genus
2231 3537 2361 3606 per
2397 3533 2767 3606 corporum
2800 3534 2993 3581 com·

775 3614 1158 3683 mixtionem
1194 3615 1262 3682 in
1296 3616 1522 3685 omnia
1551 3617 1781 3685 secula
1809 3626 2271 3709 propagatur:
2324 3640 2500 3709 quae
2526 3625 2752 3685 autem
2782 3637 2989 3707 porro

774 3716 1005 3786 addita
1042 3728 1230 3799 sunt,
1276 3729 1585 3811 spernam
1619 3729 1722 3789 est
1748 3742 1886 3789 non
1929 3719 2019 3789 de
2045 3742 2337 3812 genere,
2392 3719 2516 3789 sed
2558 3719 2645 3789 de
2677 3717 2991 3787 humani-

773 3830 911 3890 tate
948 3821 1361 3913 praedioari,
1414 3846 1592 3913 quae
1628 3832 1974 3913 tamquam
2011 3823 2241 3892 lumen
2282 3824 2749 3893 inexstinctum
2793 3831 2987 3914 post-

768 3926 1014 4016 genitis
1057 3924 1380 3998 tradatur.
1483 3927 1645 3995 Hoc
1698 3928 1873 3996 enim
1923 3925 2230 3995 homines
2277 3950 2318 3995 a
2362 3927 2589 3996 bestiis
2641 3923 2985 4005 differunt,

770 4027 959 4116 qnod
994 4027 1084 4095 hu
1096 4030 1372 4098 manitas
1419 4052 1556 4098 non
1598 4031 1735 4099 vita
1775 4032 2096 4119 cuiusque
2134 4031 2647 4122 circumscripta
2695 4036 2802 4098 est
2830 4049 2984 4096 oum

771 4154 990 4221 eaque
1035 4134 1291 4213 interit,
1344 4131 1469 4200 sed
1513 4135 1747 4202 transit
1780 4133 1869 4203 ad
1912 4144 2226 4226 posteros
2266 4143 2688 4227 acceptaque
2735 4133 2824 4200 ab
2859 4131 2981 4199 illis

768 4234 967 4321 alitur
1026 4248 1230 4325 atque
1285 4238 1607 4328 augescit.
1726 4236 1838 4306 Ex
1901 4260 2039 4329 quo
2086 4246 2281 4330 patet
2340 4236 2704 4307 delendum
2756 4235 2980 4328 potius

766 4337 931 4406 iuud
961 4367 1074 4430 γε,
1130 4361 1333 4429 quam
1367 4339 1434 4406 in
1468 4338 1669 4433 γένος
1700 4341 2094 4410 mutandum
2122 4364 2287 4410 esse.
