3259 5275
849 473 974 534 164
1534 467 1652 530 DE
1700 466 2256 529 PARTIGVLA
2300 463 2397 533 ἃν

850 659 964 750 qui
1021 658 1283 726 iuberet
1301 709 1321 745 ,
1391 680 1528 726 non
1579 659 1802 749 potuit
1850 682 1985 727 non
2053 659 2425 752 optativum
2479 679 2762 751 ponere.
2870 657 3069 744 Quod

849 760 1101 830 ibidem
1132 759 1335 830 affert
1362 761 1775 830 Schaeferus
1808 784 1891 830 ex
1920 761 2106 834 lliad.
2136 765 2200 836 δ.
2234 761 2353 833 93.
2392 791 2455 860 η.
2486 759 2608 830 48.

1055 911 1101 1011 ἦ
1133 908 1231 1013 ροἶ
1263 910 1350 988 vv'
1375 914 1511 1009 μοι’
1536 944 1612 988 τι
1642 915 1904 989 πίθοιο
1923 944 1949 1007 ,·

849 1094 984 1140 non
1024 1080 1158 1157 est,
1211 1080 1285 1137 ιιι
1324 1071 1471 1163 ipse
1512 1070 1889 1139 existimare
1921 1070 2218 1154 videtur,
2273 1068 2527 1137 dictum
2568 1070 2818 1138 omissa
2833 1116 2854 1152 ‚
2905 1090 3075 1159 quae

851 1173 1164 1243 addenda
1215 1172 1447 1241 fuisset
1466 1224 1485 1257 ‚
1539 1173 1906 1265 particula,
1958 1172 2081 1241 sed
2125 1173 2284 1262 quia
2341 1172 2638 1241 conditio
2686 1173 2914 1241 abest:
2957 1195 3073 1241 ve-

852 1279 1034 1348 lisne
1077 1276 1254 1345 mihi
1293 1272 1646 1345 obedire?
1696 1278 1874 1344 Nam
1907 1276 2023 1344 ubi
2068 1276 2239 1343 inest
2278 1276 2607 1362 conditio,
2664 1274 2756 1347 ἄν
2806 1284 2910 1343 est
2954 1275 3074 1343 ad-

848 1380 1208 1450 iiciendum
1227 1429 1245 1466 ‚
1301 1387 1374 1447 ιιι
1423 1379 1490 1447 in
1532 1401 1617 1449 eo
1664 1402 1899 1466 versu,
1953 1379 2068 1469 qui
2112 1379 2181 1446 in
2224 1380 2455 1471 priore
2502 1380 2658 1447 loco
2701 1379 2926 1448 statim
2970 1402 3074 1448 se—

853 1485 1111 1576 quitur,

1058 1636 1307 1734 τλαίης
1333 1666 1452 1710 xes·
1480 1613 1841 1733 Mareade)
1868 1637 2307 1732 ἐπιπροέμεν
2336 1663 2570 1726 ταχυν
2603 1629 2761 1710 ἱόν·
2732 1692 2757 1728 ,

851 1798 1120 1886 Nempe
1151 1793 1217 1862 εἰ
1246 1790 1406 1884 quie
1435 1799 1505 1860 te
1532 1799 1774 1884 roget.
1843 1789 2052 1882 Apud
2082 1789 2435 1858 Platonem
2422 1789 2769 1916 ‘Euthyd
2796 1814 2872 1882 p.
2908 1788 3070 1863 292.

852 1899 936 1967 E.
984 1897 1135 1966 libri
1168 1916 1535 1963 consensu·
1588 1894 1708 1966 καὶ
1742 1890 1925 1986 ὅπερ
1965 1893 2259 1984 ἔλεγον,
2313 1893 2452 1965 τοῦ
2487 1895 2650 1965 ἴσου
2687 1892 2864 1991 ἡμῖν
2897 1897 3079 1967 ἐνδεῖ

854 2000 902 2097 ἢ
935 2001 1044 2074 ἔτι
1078 2000 1373 2077 πλέονος
1416 1990 1595 2092 πρός
1626 1991 1722 2070 vo*
1756 1999 2027 2068 εἰδέναι
2056 1996 2165 2075 τίς
2205 1991 2380 2067 ποτ’
2412 1995 2610 2068 ἐστὶν
2646 2024 2686 2092 η
2719 1990 3071 2092 ἐπιστήμη

855 2103 1128 2198 ἐκείνη,
1185 2099 1231 2195 ἢ
1277 2097 1490 2219 matie·
1510 2096 1948 2188 εὐδαίμονας
1976 2091 2364 2193 ποιήσειεν.
2474 2099 2822 2167 Sentiebat
2850 2099 3073 2168 vitium

852 2205 1327 2289 Heindorfiu3‚
1380 2202 1493 2291 qui
1544 2197 1833 2298 ποιήσει
1889 2201 2210 2293 scriptum
2259 2202 2587 2277 malebat
2640 2203 2945 2295 suppleri
2976 2213 3073 2270 ta-

853 2333 1010 2379 men
1044 2307 1135 2375 ad
1178 2307 1553 2398 optativum
1582 2305 1676 2378 ἄν
1702 2327 1908 2394 posse
1936 2314 2152 2374 ratus.
2205 2305 2276 2372 in
2308 2327 2446 2396 quo
2477 2306 2748 2374 fallitur.
2857 2304 3073 2399 Opta-

853 2415 1023 2483 fivus
1053 2409 1334 2500 quidem
1364 2417 1548 2475 recte
1590 2431 1665 2475 se
1699 2407 1945 2492 habet,
1999 2407 2123 2476 sed
2151 2417 2226 2475 ιιι
2268 2410 2352 2477 sit
2380 2410 2695 2477 orationis
2741 2410 3074 2500 obliquae,

854 2538 1061 2608 quam
1090 2513 1184 2581 sic
1219 2512 1529 2580 restitue:
1583 2509 1704 2581 καὶ
1757 2507 1937 2606 ὅπερ
1979 2511 2224 2603 ἔλεγον
2254 2512 2395 2585 τοῦ
2426 2514 2587 2584 ἴσου
2621 2510 2795 2608 ημῖν
2829 2516 3074 2601 ἐνδεῖν,

856 2614 1347 2689 construetione
1416 2613 1529 2682 illa
1546 2666 1565 2701 ‚
1643 2611 1731 2682 de
1796 2637 1932 2703 qua
1994 2614 2250 2684 dictum
2316 2614 2409 2684 ad
2478 2616 2707 2709 Viget.
2763 2641 2837 2710 p.
2907 2612 3070 2688 745.

1911 2925 2024 2992 vl.

991 3074 1124 3145 De
1169 3076 1591 3168 optativo
1647 3087 1983 3148 rectae
2035 3080 2506 3150 orationis
2561 3100 2759 3149 cum
2810 3077 2944 3154 ἄν.

1058 3229 1198 3299 lam
1248 3230 1540 3322 denique
1587 3232 1948 3301 dicendum
2005 3245 2109 3304 est
2157 3235 2244 3304 de
2291 3237 2568 3328 optativi
2611 3256 2738 3303 usu
2791 3256 2916 3324 eo,
2968 3233 3071 3324 qui

852 3335 1134 3428 adiungi
1158 3335 1458 3427 postulat
1486 3336 1888 3427 particulam
1922 3335 2034 3411 ἄν.
2118 3340 2348 3428 Atque
2376 3362 2460 3406 ex
2487 3341 2587 3425 iis,
2643 3361 2820 3428 quae
2845 3337 3069 3406 hacte-

852 3462 977 3508 nus
1010 3439 1193 3508 dicta
1220 3448 1394 3524 sunt,
1446 3440 1601 3507 satis
1624 3439 1908 3530 planum
1934 3463 2078 3510 esse
2104 3452 2444 3534 putamus»,
2502 3442 2862 3535 propriam
2888 3441 3068 3509 huius

854 3540 1353 3613 constructionis
1385 3542 1522 3610 vim
1552 3566 1699 3611 esse
1728 3566 1901 3632 eam,
1953 3554 2028 3612 ιιι
2054 3545 2284 3637 opinio
2310 3568 2465 3612 cum
2497 3544 2885 3614 conditione
2917 3567 3067 3613 con-

852 3646 1075 3714 iuncta
1123 3645 1557 3736 significetur.
1664 3646 1794 3714 Vix
1855 3648 2065 3716 ullum
2126 3648 2286 3717 huie
2334 3649 2577 3717 rationi
2633 3647 3068 3717 declarandae

853 3748 1071 3841 aptius
1113 3750 1501 3840 exemplum
1533 3748 1810 3818 inveniri
1833 3751 2116 3843 poterit,
2173 3774 2379 3842 quam
2430 3751 2600 3822 illud
2638 3751 2962 3843 Aeschyli
3004 3751 3068 3818 in

1060 3996 1263 4085 ἐντός
1296 4000 1372 4076 δ’
1399 4004 1491 4077 ἄν
1523 4001 1708 4078 οὖσα
1743 3985 2128 4102 μορσίμων
2157 4002 2678 4105 ἄγρευματων,

1058 4101 1345 4179 πείθοι’
1375 4104 1511 4196 ἄν,
1566 4110 1637 4181 εἰ
1658 4104 1946 4181 πείθοι
1962 4127 1978 4143 ·
2038 4105 2528 4206 οἱπειθοιμηςδ
2558 4113 2771 4193 ἴσως.

849 4242 1250 4315 Βιὼὶιιιιιιοι·
1276 4244 1449 4312 enim
1479 4244 1736 4314 dictum
1765 4269 1881 4316 πει
1875 4240 2051 4318 θοι
2080 4241 2214 4336 ἄν)
2269 4249 2430 4338 quia
2454 4269 2539 4317 ex
2565 4271 2651 4318 eo
2676 4246 2949 4341 pendet,
2993 4253 3063 4314 ιιι

851 4348 1121 4440 placeat
1170 4344 1589 4417 Cassandrae
1638 4346 1953 4416 obedire:
2008 4350 2150 4417 sine
2183 4351 2570 4421 conditione
2603 4361 2834 4421 autem
2858 4347 3061 4423 ἄπει-

852 4450 1083 4548 θοίης,
1135 4450 1322 4540 quod
1353 4451 1424 4519 id
1452 4460 1648 4545 putat
1675 4450 1975 4519 futurum
2008 4475 2155 4521 esse
2194 4454 2464 4529 chorus.
2552 4456 2711 4524 Alia
2744 4452 3062 4547 quaedam
