3259 5275
740 474 870 540 154
1429 469 1548 533 DE
1624 468 2167 539 RARTICVLA
2216 469 2296 539 ἄν

948 663 1057 732 De
1106 661 1222 730 illa
1263 660 1744 753 particulatam
1789 662 2096 733 finalium
2122 687 2280 736 cuin
2318 667 2621 760 optativo
2650 675 2721 737 et
2750 672 2956 762 parti-

745 768 899 835 cula
948 764 1041 839 οἲν
1088 765 1579 834 constructione
1594 817 1616 853 ,
1685 789 1864 857 quae
1907 768 2201 839 refertur
2245 769 2336 839 ad
2379 793 2537 841 eum
2581 772 2789 841 finem
2803 823 2825 860 ‚
2889 783 2958 842 ut

746 869 908 962 quid
941 868 1156 964 possit
1179 869 1350 961 fieri,
1401 869 1578 939 infra
1607 871 2073 964 explicabitur.

1806 1143 1890 1214 V.

883 1310 1016 1382 De
1066 1311 1485 1407 optativo
1537 1318 1862 1383 rectae
1913 1310 2392 1385 orationis
2443 1312 2643 1385 sine
2693 1313 2820 1389 ἄν.

941 1464 1162 1535 Venio
1200 1489 1376 1535 nunc
1414 1465 1507 1533 ad
1555 1489 1712 1535 eum
1748 1465 2030 1557 optativi
2064 1489 2254 1534 usum
2271 1517 2293 1554 ‚
2347 1490 2548 1557 quem
2579 1491 2789 1561 supra
2822 1469 2957 1538 dixi

738 1578 965 1639 rectae
992 1569 1309 1639 orationis
1349 1571 1652 1664 speciem
1691 1568 1949 1638 habere
1967 1622 1990 1658 ,
2041 1569 2231 1659 quod
2276 1592 2361 1639 eo
2395 1581 2620 1639 nostra
2655 1573 2956 1664 ipsorum
3040 1644 3049 1655 ,

739 1676 1035 1766 cogitata
1071 1675 1168 1743 sic
1205 1674 1640 1743 enunciamus
1659 1723 1681 1759 ,
1733 1681 1809 1740 ut
1846 1693 1983 1740 non
2019 1672 2507 1766 distinguamus
2547 1676 2957 1768 cogitantem

735 1777 823 1845 ab
861 1779 1199 1868 loquente.
1282 1777 1517 1846 Habet
1558 1776 1612 1844 is
1647 1784 1876 1844 autem
1903 1775 2051 1867 ipse
2076 1798 2206 1868 pei·
2231 1799 2305 1845 se
2332 1777 2472 1845 sine
2504 1780 2839 1868 particula
2865 1780 2955 1853 ἄν

738 1890 1055 1971 quattuor
1099 1880 1386 1949 forinas:
1449 1901 1608 1948 nam
1653 1879 1764 1949 vel
1808 1879 2105 1971 optantis
2138 1889 2241 1948 est
2256 1929 2278 1966 ‚
2331 1880 2438 1949 vel
2474 1880 2760 1951 iubentis
2775 1933 2796 1969 ,
2848 1885 2956 1953 vel

732 1984 1010 2053 volentis
1023 2034 1045 2071 ‚
1095 1985 1205 2053 vel
1240 1982 1599 2076 opinantis,

937 2121 1167 2211 Atque
1206 2120 1465 2215 optatio
1512 2128 1750 2189 natura
1791 2140 1914 2188 sua
1946 2117 2109 2187 nihil
2153 2128 2256 2188 est
2298 2120 2423 2189 nisi
2462 2120 2784 2214 cogitatio
2830 2123 2950 2205 rei,

731 2247 972 2316 quam,
1027 2247 1236 2315 quum
1266 2246 1403 2293 non
1435 2225 1553 2309 sit,
1606 2246 1756 2292 esse
1784 2222 2113 2314 cupimus.
2218 2222 2326 2291 Ea
2356 2225 2735 2293 necessario
2769 2235 2954 2294 caret

729 2327 1065 2422 particula
1108 2326 1244 2417 ἄν,
1297 2328 1459 2417 quia
1502 2325 1694 2418 quod
1721 2334 2036 2417 optamus
2062 2333 2320 2394 tantum
2359 2327 2551 2395 abest
2588 2336 2666 2395 ut
2710 2327 2953 2396 condi-

726 2433 911 2500 tione
939 2431 1166 2521 aliqua
1190 2430 1505 2523 restringi
1530 2430 1832 2516 velimus,
1884 2439 1959 2497 ut
1979 2428 2203 2521 ipsum
2226 2429 2599 2527 habeamus
2622 2453 2756 2523 pro
2782 2454 2952 2500 con-

730 2534 1017 2621 ditione,
1082 2555 1219 2626 qua
1260 2534 1539 2627 impleta
1590 2534 1771 2603 bene
1813 2532 2008 2601 nobis
2065 2532 2217 2601 fore
2272 2556 2643 2627 speremus.
2749 2535 2951 2604 Vnde

727 2639 981 2709 multae
1023 2638 1399 2731 optationes
1443 2638 1649 2708 etiam
1697 2659 1865 2707 cum
1893 2635 2228 2729 particula
2254 2639 2684 2707 conditionali
2671 2640 2952 2765 ‘profe-

726 2751 998 2811 runtur·
1032 2744 1110 2815 εἴ
1123 2767 1260 2835 μοι
1287 2743 1523 2840 ξυνείη
1554 2745 1860 2840 φέροντι
1880 2745 2112 2837 μοῖρα
2128 2734 2637 2816 τανεῦσεπτον
2650 2740 2951 2836 dynam

726 2840 957 2938 λόγων
990 2845 1216 2943 ἔργων
1254 2872 1339 2918 τε
1379 2842 1722 2920 notumve
1766 2846 1811 2917 i.
1848 2867 1906 2913 e.
1943 2842 2012 2913 si
2046 2843 2132 2912 id
2152 2842 2356 2940 fiat,
2412 2843 2590 2915 bene
2617 2847 2798 2915 mihi
2826 2846 2940 2917 sit.

724 2948 921 3019 Idem
956 2958 1058 3018 est
1096 2949 1257 3022 εἴθε
1277 2998 1298 3037 ,
1351 2956 1579 3016 ortum
1603 2970 1691 3017 ex
1732 2950 1804 3021 εἰ
1834 2949 1986 3021 θεέ.
2090 2948 2501 3039 Plerumque
2535 2959 2762 3018 autem
2805 2951 2947 3019 sine

725 3053 1058 3147 particula
1071 3050 1549 3122 conditionali:
1578 3046 1860 3125 «ἰδόντα
1892 3045 1961 3122 δ’
1990 3052 2101 3149 εἴη
2129 3077 2226 3142 με
2249 3058 2400 3133 τοῖς
2429 3055 2743 3146 α’γαθοῖς
2781 3050 2945 3145 ὁμι-

723 3160 894 3232 λεῖν.
975 3155 1223 3242 Qualia
1249 3157 1346 3223 sic
1378 3165 1548 3248 puta
1580 3155 1751 3224 dici.-
1801 3154 2026 3223 lu’ceat
2056 3153 2235 3222 mihi
2268 3156 2347 3247 (i.
2382 3178 2440 3227 e.
2480 3177 2673 3224 sumo
2704 3157 2945 3249 licere)

724 3259 1078 3330 bonorum
1104 3258 1806 3352 consuetudinesrui
1819 3282 1843 3327 .·
1896 3266 2051 3327 tum
2076 3255 2252 3328 bene
2279 3258 2395 3329 sit.
2501 3259 2649 3329 Sed
2672 3259 2811 3328 hoc
2833 3270 2941 3328 to-

724 3376 868 3433 tum
918 3386 1168 3457 genus,
1226 3362 1415 3453 quod
1459 3363 1805 3456 optatione
1851 3361 2257 3450 continetur,
2304 3371 2450 3431 tam
2489 3365 2771 3455 planum
2820 3373 2942 3452 est,

722 3478 796 3537 ut
822 3490 960 3536 non
990 3490 1161 3560 opus
1199 3468 1283 3536 sit
1327 3468 1669 3559 exemplis.
1767 3465 1997 3534 Vnum
2031 3473 2255 3534 tamen
2284 3465 2567 3535 afferam
2581 3515 2603 3552 ‚
2656 3466 2848 3558 quod
2875 3468 2942 3536 in

721 3593 807 3641 eo
842 3571 1078 3639 tectius
1121 3570 1469 3640 recondita
1505 3571 1669 3639 latet
1695 3569 1980 3660 optatio.
2083 3568 2383 3639 Achilles
2421 3569 2613 3639 Iliad.
2649 3590 2729 3667 ψ.
2767 3567 2937 3641 15⁰.

721 3671 1154 3766 Spercheum
1201 3674 1552 3765 alloquens
1570 3726 1592 3760 ,
1659 3675 1767 3743 cui
1827 3694 2096 3742 comam
2140 3674 2431 3760 aluerat,
2500 3697 2709 3764 quam
2759 3696 2938 3743 nunc
2968 3697 2975 3702 ·

719 3778 1036 3847 Patroclo
1068 3785 1170 3846 est
1196 3787 1702 3848 consecraturus
1715 3824 1738 3863 ‚
1787 3777 1880 3845 ita
1905 3776 2238 3870 loquitur.

825 3931 953 4006 νῦν
1007 3926 1083 4004 δ’
1134 3929 1287 4004 ἐπεὶ
1337 3927 1428 4005 οὐ
1482 3928 1745 4023 νέομαί
1793 3957 1875 4025 γε
1926 3927 2144 4054 φίλην
2196 3934 2266 4011 ἐς
2316 3927 2639 4027 πατρίδα
2689 3934 2934 4024 γαῖαν,

824 4026 1229 4131 Πατρόκλῳ
1281 4031 1471 4131 ἥρωι
1511 4026 1746 4132 κόμην
1797 4024 2162 4127 ὀπάσαιμι
2214 4034 2598 4131 φέρεσθαι.

717 4187 939 4283 Optat
966 4188 1178 4271 enim,
1232 4197 1306 4256 ut
1327 4210 1458 4281 per
1484 4185 1915 4279 Spercheum
1942 4185 2068 4255 sibi
2097 4183 2329 4274 liceat,
2380 4208 2586 4276 quam
2613 4186 2776 4256 huic
2806 4210 2927 4255 nu-

714 4293 990 4363 triverat
1029 4313 1329 4380 comam,
1396 4291 1625 4361 dicare
1679 4290 2018 4360 Patroclo.
2123 4289 2557 4380 Quamquam
2603 4289 2678 4358 id
2732 4293 2930 4360 etiam

714 4397 928 4468 velim
959 4396 1153 4467 dare
1185 4395 1397 4470 dicas.
1498 4394 1679 4464 nlud
1703 4405 1931 4464 tamen
1956 4392 2321 4463 tenendum
2352 4410 2486 4481 est,
2526 4383 2762 4486 epicos
2797 4417 2927 4462 ve-

716 4509 893 4573 teres
909 4553 930 4589 ‚
995 4500 1113 4591 qui
1154 4500 1429 4572 liberius
1472 4500 1804 4593 particula
1844 4498 1963 4573 κέν
2013 4505 2283 4568 utuntur
2296 4547 2317 4586 ,
2386 4519 2475 4566 ne
2520 4499 2588 4569 in
2625 4496 2926 4591 optando
