3259 5275
779 493 909 556 210
1492 482 2237 547 EMENDATIONES

989 670 1371 772 ἀγνώσσων
1403 669 1574 757 άλός
1603 675 1802 773 ἔργα.

649 857 653 863 ·
782 836 941 905 Non
983 830 1259 902 credam
1304 828 1649 922 scripsisse
1699 835 1979 922 poetam
2015 819 2443 907 κελάδοντος
2492 820 2982 921 ἀπορνύμεναι

782 940 1173 1028 ποταμοῖο.
1278 933 1640 1026 Languent
1678 932 1855 1000 enim
1885 930 2060 999 haec
2097 930 2338 1018 verba,
2391 929 2823 1020 debebatque
2853 930 2988 1000 Co·

782 1039 1009 1109 luthus
1029 1085 1050 1123 ‚
1104 1038 1158 1107 si
1185 1036 1532 1129 eleganter
1571 1035 1866 1104 scribere
1917 1034 2156 1122 vellet,
2208 1032 2466 1102 omissis
2511 1056 2714 1126 supra
2755 1060 2994 1107 ποτα-

781 1141 934 1238 μού
975 1133 1316 1218 Ξάνθοιο
1361 1139 1700 1236 γενέθλη,
1768 1138 1998 1207 dicere
2018 1189 2039 1227 ,
2102 1135 2336 1207 adeste
2379 1160 2423 1204 a
2469 1137 2713 1226 fluvio,
2764 1160 2807 1204 a
2861 1159 2996 1230 quo

785 1246 940 1317 estis
963 1252 1367 1340 prognatae.
1473 1241 1758 1334 Scripsit
1792 1264 1956 1311 vero
1969 1292 1990 1329 ‚

993 1397 1253 1471 εἴπατέ
1271 1420 1446 1487 μοι,
1497 1387 1932 1476 κελάδοντος
1958 1385 2458 1492 ἀπορνύμενος
2487 1397 2861 1486 ποταμοῖο

991 1504 1063 1583 ἐξ
1096 1494 1322 1598 ὀρέων
1351 1491 1590 1572 πόθεν
1616 1493 1868 1594 ἦλθεν.

786 1657 1152 1725 Auctorem
1180 1651 1558 1720 habemus
1539 1673 1763 1745 lpsum
1794 1673 1860 1724 v.
1893 1647 2014 1718 7⁰.

993 1808 1066 1878 εἴ
1086 1797 1258 1878 τινά
1287 1829 1429 1876 που
1468 1797 1808 1879 Ξάνθοιο
1841 1827 1990 1900 παρ
2045 1797 2354 1877 Ἰδαίοιο
2391 1802 2735 1927 ρἐέθροις

993 1909 1220 1981 παῖδα
1258 1900 1503 2002 Πάριν
1541 1898 1988 2025 pripoem.
2024 1903 2144 1979 τίν
2152 1900 2472 1998 άγλαον
2495 1902 2884 2030 ηβητῆρα,

1003 2009 1265 2108 Τροίης
1291 2010 1784 2104 βουκολέοντα
1816 2004 1988 2082 κατ’
2037 2006 2304 2103 οὔρεα,
2347 2010 2647 2098 τέκνον,
2699 2003 3003 2093 ἀκούεις.

792 2164 909 2236 Sic
934 2165 1029 2234 illi
1057 2186 1288 2233 versus
1313 2162 1669 2232 scribendi.
1745 2157 1874 2246 Ἐξ
1906 2156 2131 2259 όρέων
2162 2161 2292 2229 etsi
2316 2184 2445 2254 per
2478 2183 2551 2229 se
2585 2185 2723 2231 non
2758 2187 3002 2257 suspe-

794 2279 975 2338 ctum
1006 2277 1140 2355 est,
1190 2275 1419 2335 tamen
1459 2264 1638 2335 adeo
1678 2266 1848 2334 mira
1889 2273 1990 2333 est
2036 2264 2367 2357 scriptura
2408 2264 2560 2332 cod.
2607 2264 2784 2335 Mut.
2819 2264 3001 2365 η’νο-

795 2373 1009 2467 ρέων,
1078 2380 1155 2439 ut
1208 2391 1348 2438 non
1384 2369 1616 2461 inepte
1674 2370 1822 2458 quis
1862 2369 2075 2461 possit
2136 2368 2504 2456 coniicere,
2577 2362 3003 2454 κελάδοντος

743 2465 1307 2569 Βάπορνύμενος
1336 2477 1705 2565 ποταμοῖο
1744 2465 2025 2561 η’ϊόνων.
2109 2470 2390 2539 Fallitur
2420 2471 2597 2540 enim
2639 2471 3001 2542 Buttman-

795 2599 918 2646 nus
950 2575 1355 2669 inLexilog.
1383 2575 1517 2644 vol.
1544 2575 1630 2644 11.
1674 2598 1750 2668 p.
1780 2574 1901 2650 22.
1940 2567 2202 2673 ἠϊόνας
2226 2575 2441 2645 fluviis
2473 2575 2677 2646 tribui
2707 2573 3002 2674 negans}

792 2703 858 2755 v.
890 2679 1207 2773 Apollon.
1234 2679 1374 2753 Rh.
1392 2679 1511 2752 lib.
1544 2679 1628 2750 Π.
1659 2676 1835 2751 659.

998 2833 1384 2924 Sequuntm·
1408 2833 1615 2902 haec:

1834 3013 1907 3058 τι
1897 2982 2016 3058 ’δέ
2047 2985 2251 3082 χρέος
2282 2985 2536 3059 ἔπλετο
2575 2988 2761 3115 νηῶν

1001 3083 1467 3212 ἀρχεκάκων,
1524 3096 1643 3161 ἴνα
1675 3086 1949 3161 πόντον
1981 3085 2172 3180 όμου
2144 3086 2320 3161 ’καὶ
2346 3094 2565 3181 γαῖαν
2598 3085 2826 3214 ὀρίνῃ

1000 3185 1378 3283 βουκόλος·
1417 3186 1695 3315 ω’γυγίη
1728 3190 1804 3263 δὲ
1835 3189 1944 3271 τίς
1980 3191 2236 3265 ἔπλετο
2271 3189 2536 3271 νείκεος
2566 3185 2795 3285 άρχή,

1003 3291 1200 3390 ὄφρα
1231 3293 1352 3367 καὶ
1388 3287 1842 3369 άθανάτοισι
1876 3287 2415 3386 θεμιστεύσωσι
2450 3296 2748 3417 νομῆες·

998 3395 1109 3478 τίς
1139 3397 1215 3470 δὲ
1252 3395 1693 3524 δικαςπολίη·
1746 3389 1983 3470 πόθεν
2013 3398 2256 3470 ἔκλυεν
2283 3394 2569 3487 οὕνομα
2602 3389 2890 3498 νύμφης

997 3492 1355 3618 Αργείης·
1409 3495 1627 3572 αύται
1660 3525 1800 3594 γαρ
1830 3492 2249 3620 ἐθηήσασθε
2275 3501 2638 3592 μολοῦσαι

997 3595 1282 3724 Ιδαίης
1297 3594 1737 3699 τρικάρηνον
1776 3594 1919 3674 ὕπο
1943 3628 2240 3727 πρηωνα
2272 3596 2649 3726 Φαλάκρης

1001 3701 1120 3775 καί
1155 3697 1401 3801 Πάριν
1429 3700 1884 3778 οἰοπόλοισιν
1912 3698 2405 3799 ἐφεδριόωντα
2441 3715 2750 3786 θοωκοις

1003 3833 1121 3877 και
1165 3805 1518 3904 Χαρίτων
1546 3806 1927 3902 βασίλειαν
1953 3803 2449 3905 α’γαλλομένην
2472 3804 2951 3910 Αφροδίτην.

797 3958 1065 4027 Horum
1097 3957 1165 4025 in
1193 3960 1531 4052 principio
1570 3970 1757 4030 recte
1795 3961 2005 4053 vulgo
2032 3959 2111 4032 τί
2153 3961 2265 4048 δέ,
2319 3984 2453 4029 ιιυιι
2483 3959 2560 4032 τί
2598 3961 2757 4052 δαί,
2812 3962 2996 4054 quod

799 4063 1055 4152 aliquot
1099 4061 1298 4131 codd.
1341 4063 1615 4137 habent.
1717 4065 2017 4133 Pessime
2045 4062 2424 4133 Wernikius
2466 4062 2558 4133 ad
2611 4065 2991 4158 Tryphiod.

798 4190 872 4259 p.
915 4163 1035 4234 39.
1089 4160 1309 4237 αὐταὶ
1351 4159 1490 4262 γάρ
1537 4169 1605 4236 in
1650 4160 1845 4262 άτοῖρ
1898 4163 2118 4241 αύταὶ
2164 4176 2493 4235 mutatum
2527 4168 2831 4257 volebat,
2884 4191 2994 4236 ra-

796 4270 982 4338 tione
1013 4268 1214 4337 etiam
1244 4270 1415 4340 falsa
1449 4294 1640 4358 usus,
1693 4292 1899 4359 quum
1939 4270 2169 4341 Nonni
2201 4270 2564 4339 imitatores
2601 4294 2738 4340 non
2780 4272 2993 4341 conti-

797 4395 1007 4444 nuare
1039 4373 1377 4464 sponQos
1410 4375 1482 4443 in
1513 4396 1654 4451 uno
1692 4382 2023 4443 commate
2058 4373 2337 4467 putavit.
2440 4373 2634 4443 Fecit
2674 4374 2745 4443 id
2782 4374 2993 4445 Colu-

797 4476 952 4546 thus
994 4476 1197 4546 etiam
1235 4500 1298 4552 v.
1345 4474 1471 4555 59.
1514 4477 1638 4548 8³.
1687 4472 1862 4547 359.
1928 4498 2214 4568 quorum
2257 4477 2723 4572 exemplorum
2770 4488 2990 4563 tamen
