3259 5275
753 512 883 576 sle
1011 505 1112 566 ns
1154 457 1826 565 msc'mrnomsvs
1876 497 2334 577 vavsnffl
2363 499 2716 563 camois

860 689 1112 792 damnis·
1140 693 1543 789 Δωροθέας
1574 718 1672 786 με
1699 690 2076 787 ταχείριοι
2091 719 2228 789 την
2263 685 2676 784 ὁμόδουλον
2825 771 2832 775 ,

963 799 1339 918 παρθένον
1369 797 1467 876 εἰς
1491 790 1745 893 Ἀΐδην
1778 790 1973 869 εἶδον
2004 792 2551 919 ἀπερχομένου·

863 902 1052 1025 ἄρτι
1070 901 1148 975 δὲ
1182 893 1318 973 vo‘v
1347 894 1622 993 α’νοιωρὶ
1653 891 1828 988 χοάς
1862 896 2110 986 χείουσ
2124 891 2554 997 ἀ’πόὸημον

964 997 1285 1100 νύμφιον
1310 1007 1385 1076 ἐκ
1416 997 1774 1095 πελάγους
1796 997 1992 1074 εἶδον
2023 999 2535 1099 ἐπερχόμενον.

756 1179 974 1246 Immo
1013 1174 1218 1267 plane
1256 1194 1392 1241 non
1433 1180 1664 1264 potest
1705 1171 1837 1239 alia
1871 1173 2074 1266 primi
2116 1171 2387 1240 distichi
2433 1173 2762 1242 sententia
2804 1198 2976 1262 esse,

758 1303 966 1373 quam
1007 1277 1214 1346 haec:
1280 1298 1448 1363 „me
1462 1327 1483 1364 ,
1533 1275 1857 1344 famulam
1902 1275 2333 1363 Dorotheae,
2357 1276 2799 1370 *sepelierunt
2843 1305 2973 1351 τα-

757 1384 1056 1480 χείριοι,
1106 1402 1297 1450 snam
1330 1384 1802 1450 conservam.“

961 1508 1122 1576 Non
1183 1504 1605 1597 probabilior
1663 1513 1767 1575 est
1817 1506 2028 1574 altera
2083 1505 2500 1596 coniectura,
2583 1504 2975 1602 Ταχείριον

757 1633 1005 1681 nomen
1049 1610 1256 1678 fuisse
1306 1607 1692 1683 defunctae.
1810 1610 1992 1678 Nam
2032 1618 2110 1678 nt
2152 1608 2643 1678 concederetur
2700 1607 2975 1700 Ταχεί-

737 1740 922 1812 -ριον
960 1721 1379 1783 contractum
1406 1734 1557 1781 esse
1594 1735 1683 1781 ex
1718 1711 2199 1810 Ταχυχείροον
2212 1767 2241 1802 ,
2292 1721 2522 1782 tamen
2564 1713 2792 1805 primo
2823 1734 2975 1780 me-

754 1830 935 1887 trum
981 1825 1431 1909 repugnaret:
1500 1817 1839 1908 correpfio
1887 1816 2067 1884 enim
2109 1843 2196 1889 ον
2248 1817 2552 1907 syllabae
2593 1823 2754 1885 ante
2807 1838 2974 1886 con-

755 1930 1108 1992 sonantem
1151 1942 1283 1988 non
1326 1918 1542 2011 magis
1586 1941 1746 1988 cum
1797 1919 2222 2012 correptione
2259 1920 2331 1988 in
2357 1912 2742 2000 δεσπόταις
2767 1942 2976 2010 quam

756 2047 913 2095 cnm
956 2024 1105 2111 illa,
1173 2045 1350 2114 quae
1401 2030 1501 2090 est
1540 2022 1612 2091 in
1656 2022 2021 2118 ταχείριοι
2060 2016 2237 2118 τήν,
2284 2032 2517 2116 potest
2569 2023 2970 2115 comparari.

751 2128 1018 2200 Deinde
1071 2136 1299 2196 autem
1352 2135 1696 2220 pugnaret
1745 2148 1976 2195 secum
2018 2126 2470 2219 epigramma,
2548 2126 2605 2196 si
2650 2125 2976 2195 defuncta

750 2233 868 2303 hic
913 2229 1303 2322 Ταχείριον
1317 2284 1346 2319 ,
1413 2252 1573 2298 mox
1605 2238 1832 2298 autem
1860 2229 2164 2325 Κυπρία
2213 2240 2594 2304 vocaretur.
2699 2226 2972 2323 Opina-

752 2337 954 2406 batur
996 2335 1284 2403 fortasse
1322 2332 1760 2420 Welckerns,
1825 2333 1896 2400 in
1945 2332 2155 2401 domo
2200 2333 2595 2404 Dorotheae
2637 2356 2790 2402 eam
2838 2356 2972 2402 nou

753 2462 875 2508 suo
920 2439 1190 2507 nomine
1231 2435 1595 2529 Copriam‚
1660 2444 1950 2529 propter
1988 2436 2437 2529 significatum
2479 2439 2620 2507 eius
2669 2437 2972 2522 nominis,

753 2542 877 2611 sed
916 2542 1309 2632 Ταχείριον
1352 2562 1499 2609 esse
1537 2541 1920 2609 vocitatam.
2038 2541 2132 2608 At
2173 2538 2248 2609 id
2280 2543 2575 2637 scriptor
2621 2540 2972 2643 epigram·—

752 2646 949 2717 matis
984 2643 1172 2712 hand
1201 2642 1407 2712 dubie
1434 2645 1672 2737 paullo
1711 2644 1952 2713 clarius
1979 2643 2371 2735 indicasset,
2426 2669 2636 2737 qnam
2672 2645 2777 2715 his
2814 2667 2972 2714 ver-

747 2749 854 2819 bis
884 2744 1427 2838 fecit‚oz'1'vopoe
1460 2746 1808 2843 Κοπρίαν
1852 2742 1945 2839 μ’
1977 2740 2373 2840 ωνόμασαν
2411 2750 2739 2844 γενέται,
2793 2770 2971 2840 quae

752 2852 1093 2923 communi
1116 2849 1440 2940 loquendi
1476 2850 1970 2920 consuetudine
2011 2849 2177 2920 nihil
2217 2851 2594 2946 significant
2630 2853 2754 2921 nisi
2806 2874 2972 2940 „no-

750 2956 1055 3028 minabat
1096 2946 1374 3046 Gopria.
1392 2957 1437 2998 ‘⁶
1555 2952 1700 3023 Sed
1741 2955 1907 3078 ’ipse
1950 2954 2283 3024 sentiebat
2332 2955 2769 3043 Welckerus,
2836 2954 2973 3024 hac

750 3063 860 3133 via
905 3059 1073 3129 nihil
1113 3057 1395 3151 profici.
1458 3079 1696 3126 verum
1740 3058 1812 3127 in
1856 3058 2116 3126 ratione
2158 3058 2514 3130 reddenda
2564 3060 2796 3152 lapsus
2846 3070 2972 3146 est,

748 3187 963 3257 quum
1002 3162 1304 3255 scripsit.
1356 3160 1495 3232 sed
1537 3159 1864 3251 χείουοαι
1900 3182 2045 3232 uon
2076 3144 2388 3254 poterat
2433 3164 2590 3233 sine
2627 3161 2968 3234 substau-

754 3270 900 3342 tivo
927 3266 1100 3337 dici.
1203 3266 1385 3334 Nam
1414 3265 1512 3334 sic
1549 3265 1778 3392 potius
1824 3262 2190 3335 dicendum
2218 3276 2397 3337 erat.
2449 3261 2750 3342 θάπτον
2786 3266 2972 3335 indi-

750 3396 920 3467 gere
961 3369 1413 3440 snbstanfivo·
1395 3419 1413 3438 .
1472 3366 1804 3459 χείουοαι
1853 3378 2117 3456 autem,
2171 3370 2361 3460 qnod
2400 3393 2540 3461 quo
2579 3371 2737 3439 loco
2773 3370 2970 3462 posi-

749 3488 894 3545 tum
946 3484 1049 3544 est
1100 3473 1305 3565 plane
1374 3493 1511 3541 non
1578 3493 1755 3564 opus
1819 3470 2035 3541 habet
2093 3474 2540 3564 substantivo,
2620 3473 2969 3567 postulare

748 3589 824 3649 ut
840 3627 862 3663 ,
933 3576 1124 3668 quod
1165 3597 1646 3670 praegressum
1690 3575 1776 3645 sit
1824 3575 2309 3648 substantivum
2323 3629 2345 3667 ,
2412 3578 2682 3674 generis
2727 3578 2815 3648 sit
2858 3578 2969 3647 fe-

747 3704 998 3755 mlmm.

956 3800 1252 3891 Semper
1289 3799 1497 3893 igitur
1531 3798 1870 3869 reiicimnr
1903 3798 1993 3867 ad
2020 3797 2184 3869 istos
2212 3798 2645 3897 ταχειρίους.
2750 3800 2965 3888 Quod

751 3906 804 3975 si
840 3904 1218 3997 cogitamus
1235 3954 1251 3981 ‚
1317 3903 1445 3971 tria
1464 3903 1690 3996 prima
1712 3901 1997 3972 disticha
2021 3903 2222 3973 totius
2248 3904 2700 3999 inscriptionis
2728 3906 2798 3974 in
2825 3927 2964 3974 nno

751 4011 961 4079 latere
1003 4006 1254 4098 scripta
1294 3993 1471 4093 esse,
1524 4006 1717 4097 quod
1749 4008 1921 4076 latus
1963 4006 2017 4077 si
2055 4004 2323 4076 deesset
2340 4055 2362 4092 ‚
2425 4031 2603 4100 qnae
2639 4010 2711 4077 in
2749 4009 2962 4078 altero

749 4115 962 4184 latere
1014 4111 1333 4202 leguntur
1375 4111 1681 4200 quemvis
1728 4133 1861 4204 pro
1913 4110 2179 4202 integro
2230 4111 2723 4204 epigrammate
2759 4111 2963 4180 habi-

749 4228 1014 4296 turnm3
1064 4214 1212 4305 ipsa
1251 4221 1478 4281 autem
1508 4212 1734 4283 latera
1773 4212 2008 4283 formis
2045 4214 2415 4284 litterarum
2455 4215 2759 4286 nonnihil
2791 4216 2964 4285 inter

751 4347 825 4392 se
853 4317 1164 4390 differre:
1217 4338 1352 4384 non
1394 4316 1613 4385 solum
1657 4317 1959 4410 potuisse
1985 4317 2133 4385 fieri
2152 4369 2174 4407 ,
2225 4318 2352 4388 sed
2378 4320 2580 4389 etiam
2609 4319 2961 4389 verisimile

753 4450 901 4494 esse
933 4421 1297 4490 fatebimur
1313 4469 1335 4508 ,
1378 4429 1454 4489 nt
1478 4429 1621 4489 tota
1647 4421 1990 4513 inscriptio
2018 4444 2155 4491 non
2173 4445 2261 4492 ex
2282 4446 2421 4493 uno
2445 4423 2957 4518 epigrammate,

598 4610 617 4621 κ
753 4527 875 4598 sed
920 4549 1004 4596 ex
1032 4524 1299 4595 dnobus
1312 4574 1333 4613 ,
1388 4524 1600 4595 altero
1645 4525 1715 4594 in
1759 4524 2021 4596 sinistro
2040 4577 2061 4616 ,
2114 4526 2329 4597 altero
2370 4528 2440 4597 in
2468 4528 2707 4598 dextro
2749 4529 2955 4597 latere
