3259 5275
1114 470 1383 535 LIB.1.
1468 472 1666 536 (ΞΔΡ.
1706 478 1774 541 8.
2425 482 2512 548 81

293 666 567 735 fortuito
602 664 827 733 factae
866 684 1004 731 non
1048 663 1253 733 solius
1279 664 1622 756 praeteriti
1661 664 1989 756 temporis
2014 669 2293 760 propr‘n
2309 717 2332 754 ‚
2371 670 2515 742 -sed

292 770 663 839 communis
688 777 1073 860 temporum
1091 770 1391 837 omnium
1414 791 1564 838 esse
1587 768 2020 853 existimetur,
2043 793 2252 864 supra
2282 783 2512 844 osten-

289 874 531 943 dimus.
639 871 850 957 Quod
883 873 939 940 si
976 871 1031 939 is
1062 894 1219 941 usus
1260 873 1330 939 in
1367 881 1725 965 praesente
1757 882 1829 942 et
1857 874 2085 942 futuro
2129 883 2270 944 tam
2299 899 2511 968 mus,

287 1000 498 1068 quam
539 976 875 1065 frequens,
898 974 970 1042 in
1009 977 1383 1067 praeteritis
1423 985 1563 1065 est,
1616 998 1756 1045 non
1785 986 1886 1046 est
1909 975 1987 1044 id
2022 978 2303 1051 mirumz
2351 1004 2512 1050 nar-

283 1083 583 1150 rationes
605 1080 782 1148 enim
808 1078 953 1147 fere
981 1077 1049 1146 in
1079 1080 1454 1172 praeteritis
1480 1088 1845 1153 versantur.
1896 1079 2039 1149 Sed
2068 1104 2280 1171 quum
2313 1086 2515 1155 etiam

283 1183 675 1279 praesentia
705 1182 1068 1272 fumraque
1096 1184 1352 1256 narrari
1378 1184 1671 1276 possint,
1722 1205 1863 1253 non
1889 1192 2144 1254 temere
2171 1186 2512 1280 damnem,

286 1287 504 1358 sicubi
541 1288 742 1356 etiam
784 1308 941 1355 cum
975 1284 1080 1354 his
1118 1288 1532 1379 temporibus
1552 1338 1575 1373 ‚
1625 1310 1709 1356 ea
1755 1285 2034 1377 quidem
2077 1289 2242 1384 lege
2280 1314 2420 1381 qua
2442 1293 2515 1361 in

285 1391 691 1485 praeteritis,
746 1387 840 1461 ἄν
882 1391 1311 1458 coniunctum
1339 1391 1734 1483 reperiatur.

497 1495 700 1564 Nune
723 1493 1005 1584 quidem
1032 1516 1170 1563 non
1192 1494 1320 1563 nisi
1340 1517 1551 1564 unum
1571 1495 1644 1562 in
1677 1499 2006 1586 promptu
2032 1490 2263 1564 habeo
2287 1517 2514 1570 exem·
2554 1499 2560 1508 '

268 1600 481 1693 -plum
497 1647 522 1684 ‚
574 1596 785 1688 idque
823 1596 1025 1666 valde
1068 1596 1349 1667 dubium
1366 1651 1388 1687 ‚
1440 1597 1630 1690 apud
1669 1598 2053 1666 Isocratem.
2156 1597 2515 1670 Sublatam

291 1713 391 1772 est
412 1703 595 1771 enim
620 1701 690 1769 in
724 1699 877 1770 cod.
912 1700 1146 1770 Vrbin.
1180 1701 1318 1770 sive
1355 1701 1681 1771 librorum
1704 1699 1885 1788 fide,
1940 1698 2081 1770 sive
2124 1701 2314 1792 quod
2348 1702 2513 1774 He-

287 1806 573 1875 liconius
618 1805 897 1894 eiusque
954 1804 1121 1873 socii
1169 1804 1354 1873 iilam
1398 1804 1960 1875 constructionem
2001 1826 2140 1873 non
2181 1806 2516 1897 putabant

288 1908 647 1979 ferendam
688 1931 856 1978 esse.
955 1906 1037 1976 In
1060 1908 1490 2000 Panegyrico
1513 1909 1628 1977 ille
1672 1931 1731 1976 c.
1762 1905 1886 1975 48.
1922 1899 1994 2001 §.
2030 1906 2203 1977 214.
2232 1932 2304 2001 p.
2339 1907 2510 1979 102.

288 2012 399 2105 (p.
441 2010 622 2084 111.
656 2009 912 2104 Lang.)
964 2009 1056 2078 ad
1091 2010 1347 2082 bellum
1381 2011 1604 2083 Persis
1645 2008 2075 2080 inferendum
2123 2010 2513 2101 adhortans,

288 2115 397 2185 his
438 2116 663 2183 verbis
714 2116 956 2186 mittut
1005 2106 1233 2207 μόνος
1272 2140 1416 2208 γαρ
1463 2109 1681 2194 οὗτος
1720 2109 1765 2185 ὁ
1805 2105 2122 2203 πόλεμος
2164 2113 2515 2210 ”pilum

291 2212 576 2315 εἰρήνης
602 2213 784 2307 ἐστι’,
816 2215 1096 2313 θεωρίᾳ
1124 2217 1263 2311 μὲν
1293 2216 1577 2310 μᾶλλον
1606 2213 1656 2311 ἢ
1685 2212 2035 2311 στρατείᾳ
2066 2211 2513 2310 προςεοικαίς,

292 2317 745 2416 ἀμφοτέροις
780 2319 858 2394 δὲ
899 2320 1329 2415 συμφέρων,
1378 2318 1503 2392 καὶ
1546 2322 1702 2398 τοῖς
1737 2314 2043 2414 ἡσυχίαν
2083 2343 2290 2411 aynau
2333 2325 2514 2412 βου·

290 2423 632 2517 λομᾰνοις
674 2420 797 2495 καὶ
854 2426 1009 2503 τοῖς
1059 2425 1406 2516 πολεμεῖν
1460 2418 1978 2510 ἐπιθυμοῦσιν.
2044 2419 2330 2502 ἔξεσται
2366 2414 2513 2519 γάρ

294 2555 387 2600 ατ
417 2531 580 2607 τοῖς
605 2525 744 2617 μὲν
773 2521 997 2605 οἶδεως
1031 2520 1133 2598 vo?
1175 2518 1475 2649 σφέτερ’
1507 2517 1754 2596 amer
1779 2521 2294 2649 καρποῦσθαι,
2358 2530 2517 2606 τοῖς

296 2625 372 2704 δ’
398 2629 477 2704 ἐκ
504 2657 655 2702 των
685 2624 1086 2726 ἀλλοτρίων
1113 2620 1473 2721 μεγάλους
1497 2618 1861 2708 πλούτους
1885 2618 2514 2722 κατακτήσασθαι.

297 2731 543 2804 Codex
571 2731 860 2801 Vrbinas
893 2734 1002 2824 εἴη
1036 2755 1178 2827 γαρ
1212 2757 1325 2803 αν.
1412 2731 1523 2800 Αο
1547 2751 1708 2800 sane
1732 2729 2016 2812 ἔξοσται
2045 2729 2259 2798 videri
2287 2739 2517 2823 potest

297 2859 382 2906 ex
411 2836 962 2927 interpretan‘one
984 2834 1056 2902 in
1076 2842 1332 2903 textum
1361 2835 1647 2917 venisse,
1695 2832 2094 2925 praesertim
2118 2855 2329 2922 quum
2360 2856 2515 2904 sae-

295 2941 447 3033 pius
471 2939 755 3032 vulgata
788 2938 993 3008 lectio
1006 2986 1026 3018 ,
1080 2938 1143 3005 si
1166 2936 1258 3005 ad
1293 2936 1447 3005 libri
1485 2935 1829 3006 Vrbinatis
1877 2936 2281 3028 scripturam
2321 2958 2514 3005 com-

300 3051 611 3136 parem,
694 3040 1253 3135 interpretafionis
1300 3039 1600 3132 speciem
1635 3028 1830 3132 ⁸prae
1884 3061 1959 3107 se
2009 3039 2203 3108 ferat.
2316 3039 2518 3113 Patet

303 3169 466 3216 vero
482 3192 507 3230 ,
551 3145 609 3214 si
644 3155 831 3214 reete
862 3169 938 3215 se
962 3144 1175 3213 hahet
1211 3143 1495 3227 ἔξεσται
1530 3139 1660 3233 ἄν,
1691 3163 1986 3264 ‘prorsus
2028 3141 2272 3213 eodem
2305 3141 2516 3210 modo

304 3249 560 3319 «lidum
586 3270 771 3335 esse,
817 3256 899 3318 ut
921 3246 1082 3345 ἐξῆν
1108 3273 1200 3318 ατ
1236 3246 1606 3334 diceretur,
1659 3245 1715 3314 si
1744 3268 1852 3314 res
1880 3245 2007 3313 ista
2033 3252 2211 3315 esset
2242 3253 2517 3337 tempo-

304 3354 385 3422 ris
411 3352 780 3445 praeteriti.
884 3351 1039 3420 Hac
1084 3351 1230 3419 sola
1267 3350 1527 3419 ratione
1540 3401 1562 3440 ‚
1606 3350 1664 3418 si
1704 3348 2034 3439 scriptura
2062 3356 2249 3417 recte
2274 3370 2350 3417 se
2383 3347 2516 3417 ha-

300 3455 436 3543 bet,
491 3454 770 3525 defendi
798 3455 1012 3548 possit
1034 3454 1226 3523 locus
1264 3452 1599 3522 Herodoti
1628 3449 1946 3520 111.1o4.
1977 3456 2052 3524 οἱ
2081 3449 2158 3524 δὲ
2183 3443 2275 3546 δή
2296 3445 2520 3526 Ἰνδοὶ

302 3552 550 3656 τρόπῳ
586 3585 904 3654 τοιουτῳ
943 3555 1064 3630 καὶ
1105 3549 1327 3643 §evesa
1356 3549 1774 3679 χρεώμενοι
1803 3546 2189 3627 ἐλαύνουσι
2227 3551 2345 3628 ἐπὶ
2382 3545 2519 3628 τᾶν

302 3686 575 3790 χρυσον
602 3661 1138 3755 λελογισμένως,
1170 3657 1368 3781 ὅπως.
1387 3687 1482 3732 αν
1524 3650 1920 3751 καυμάτων
1946 3654 2097 3731 ταῖν
2125 3649 2521 3752 θερμοτοὶ-
2551 3716 2556 3733 .

301 3792 446 3839 των
488 3758 764 3839 ἐόντων
808 3764 1104 3838 ἔσονται
1150 3766 1227 3837 ἐν
1269 3761 1368 3859 ’τῇ
1410 3758 1722 3859 ἁρπαγῇ.
1842 3759 2058 3845 Quasi
2118 3759 2341 3848 dicas,
2413 3768 2519 3849 ut,

302 3867 586 3962 quoties
611 3865 1049 3960 trifaciant,
1057 3863 1395 3988 faciant
1414 3865 1722 3935 maxivm
1704 3863 2026 3934 caloris
2058 3870 2406 3956 tempore.

505 3971 800 4041 Alterius
842 3970 1110 4066 generis
1124 4018 1145 4057 ‚
1195 3968 1267 4038 in
1311 3989 1450 4059 quo
1483 3996 1576 4041 αν
1615 3969 1918 4037 iunctum
1952 3965 2229 4057 quidem
2266 3966 2520 4056 futuro,

304 4074 429 4144 sed
462 4083 922 4145 commotum
949 4096 1106 4144 cum
1136 4071 1278 4141 aliis
1305 4072 1528 4142 verbis
1568 4078 1692 4159 est,
1745 4070 1960 4139 multo
1983 4070 2182 4163 plura
2210 4069 2523 4162 exempla

278 4178 759 4248 inveniuntur.
807 4200 1098 4269 quorum
1121 4177 1244 4245 etsi
1271 4175 1591 4244 nonnulla
1619 4182 1933 4267 suspecta
1960 4181 2133 4259 sunt,
2161 4180 2388 4242 tamen
2413 4195 2522 4241 res

308 4278 457 4373 ipsa
482 4280 770 4350 maxime
784 4282 1051 4350 videtur
1078 4279 1287 4350 dubia
1304 4302 1475 4352 esse.
1527 4277 1740 4370 Apud
1757 4276 2120 4345 Pindarum
2143 4277 2339 4344 Nem.
2369 4274 2520 4343 vll.

317 4382 482 4452 100.
500 4382 674 4477 (08)
694 4385 906 4479 vulgo
920 4384 1201 4477 legitur·
1244 4374 1514 4475 μαθων
1531 4379 2032 4473 δέτιςᾶνέρεῖ,
2050 4382 2116 4452 εἶ
2142 4372 2290 4473 mio
2307 4377 2525 4471 μέλος

319 4484 623 4583 ἔρχομαι
652 4489 915 4585 φόνιον
955 4486 1185 4586 ὄαρον
1212 4486 1543 4563 ἐννέπων.
1644 4481 2069 4574 Boeckhius,
2116 4490 2301 4550 recte
2344 4478 2524 4549 iudi·
2555 4564 2562 4571 ι
