3259 5275
813 459 942 522 258
1086 455 1196 516 DE
1243 453 1715 516 AEscnYLl
1761 454 2354 516 PROMETHEO
2394 455 2778 517 SOLvTo

812 646 1046 713 bulum
1090 646 1310 731 illam,
1364 665 1499 712 nou
1544 634 1828 736 proprie
1873 646 2308 739 intelligenda
2347 669 2495 715 esse
2537 646 2787 728 verba,
2838 648 3024 715 sicuti

814 749 1168 835 viderunt,
1222 771 1428 838 quem
1468 747 1535 814 in
1577 749 1824 816 Vincto
1869 747 2031 818 dixit
2072 752 2384 846 μυριετῆ
2414 742 2720 844 χρόνον,
2773 750 3027 819 infinite

819 876 962 921 esse
992 852 1262 921 dictum.
1370 852 1677 919 Alterum
1724 861 1948 920 autem
1993 863 2317 942 quantum
2360 855 2632 944 quaevis
2672 854 3029 922 hariolatio

815 957 1015 1024 valet.
1123 955 1485 1024 Caeterum
1545 954 1830 1024 Caucasi
1874 958 2279 1025 mentionem
2323 980 2457 1025 non
2500 956 2806 1049 urgebo,
2875 958 3033 1048 quia

817 1081 901 1127 ex
930 1060 1189 1153 Hygini
1215 1060 1449 1130 verbis.
1467 1082 1601 1127 non
1633 1071 1818 1126 certo
1857 1060 2085 1152 colligi
2117 1070 2379 1152 potest,
2430 1062 2849 1129 nominatum
2876 1084 3033 1130 eum

812 1175 1114 1232 montem
1151 1163 1221 1230 iu
1251 1162 1548 1254 lgnifero
1595 1163 2001 1231 Prometheo
2047 1187 2209 1232 esse.
2315 1165 2463 1231 Nec
2515 1163 2570 1231 si
2624 1166 3035 1233 nominasset

813 1267 1236 1358 AeschyluS,
1289 1278 1702 1357 repugnaret
1749 1267 1911 1348 sibi,
1966 1275 2039 1335 ut
2084 1268 2200 1357 qui
2255 1267 2323 1335 in
2370 1267 2610 1336 Soluto
2663 1277 2898 1336 tamen
2941 1269 3032 1336 ibi

813 1371 1093 1439 affixum
1123 1369 1360 1439 fecerit
1389 1369 1894 1442 Prometheum.

1023 1472 1168 1542 Sed
1206 1497 1291 1540 ne
1336 1473 1645 1541 Solutum
1694 1474 1969 1562 quidem
2008 1473 2494 1541 Prometheum
2546 1483 2622 1542 ut
2675 1496 2812 1541 una
2874 1495 3031 1541 cum

815 1578 1060 1647 Vincto
1101 1578 1168 1644 in
1204 1600 1471 1645 scenam
1509 1576 1920 1670 productum
1958 1575 2347 1661 credamne,
2399 1601 2514 1646 eas
2549 1577 2886 1645 habemus
2918 1600 3029 1645 ra-

814 1684 1064 1765 tiones,
1131 1703 1307 1769 quae
1364 1679 1778 1748 dubitatione
1841 1703 2097 1748 vacuae
2150 1682 2297 1747 sint.
2403 1682 2581 1748 Nam
2643 1682 3027 1772 argumenti

817 1784 1094 1876 quidem
1127 1784 1517 1853 continuitas
1563 1807 1770 1874 quam
1813 1785 2154 1876 speciosa,
2205 1794 2345 1851 tam
2386 1784 2627 1852 eadem
2653 1784 2865 1851 fallax
2891 1794 3024 1852 est:

821 1887 1007 1979 quod
1050 1909 1259 1976 quum
1308 1887 1461 1955 satis
1522 1887 2078 1955 demonstraverit
2119 1888 2479 1955 Silvernius
2536 1889 2604 1956 in
2652 1888 2771 1955 illa
2824 1910 3022 1977 quam

819 1992 952 2060 dixi
988 1990 1448 2059 dissertatione
1483 2014 1554 2083 p.
1586 1988 1688 2058 45
1722 2014 1862 2080 seq.
1897 2014 2032 2058 non
2063 2013 2236 2082 opus
2265 1991 2461 2059 estid
2493 2014 2534 2059 a
2566 1991 2758 2058 nobis
2788 1992 3020 2082 repeti

813 2098 939 2180 At,
991 2094 1322 2183 inquient,
1375 2095 1442 2161 in
1469 2094 1614 2186 ipsa
1654 2095 2009 2186 superstite
2053 2094 2285 2161 fabula
2328 2105 2514 2182 sunt,
2564 2117 2742 2183 quae
2779 2117 3019 2184 sequu-

813 2207 1031 2267 turam
1061 2221 1207 2265 esse
1235 2198 1631 2266 solutionem
1659 2196 2051 2267 Promethei
2080 2197 2453 2266 ostendant.
2538 2198 2907 2267 Profecto:
2956 2206 3018 2264 et

811 2304 1106 2394 primum
1134 2300 1411 2391 quidem
1444 2323 1506 2374 v,
1546 2300 1716 2369 176.
1810 2341 1831 2362 .

1673 2432 2159 2462 22222

1145 2540 1427 2633 δεσμῶν
1457 2533 1733 2639 χαλασῃ
1750 2595 1775 2630 ,
1830 2533 2088 2622 ποινάς
2116 2568 2199 2613 τε
2225 2538 2454 2613 τίνειν

1145 2645 1343 2743 τῆςδ’
1376 2645 1610 2725 αι”κιας
1638 2637 1967 2742 ἐθελήσῃ.

810 2746 985 2867 Dein
1028 2820 1111 2866 eo
1135 2797 1332 2968 ἐοιοὸ),
1385 2798 1474 2866 ad
1516 2821 1722 2889 quem
1762 2796 2161 2867 scholiastae
2202 2780 2707 2867 adnotationem
2731 2800 3005 2892 protuli-

810 2924 957 2970 mus
974 2955 993 2990 ,
1046 2925 1109 2973 V.
1292 2957 1309 2973 .

1142 3033 1233 3111 οὐ
1265 3038 1501 3111 ταῦτα
1535 3029 1769 3134 ταύτῃ
1800 3027 2032 3130 μοῖρά
2058 3062 2166 3107 πω
2200 3028 2626 3131 τελεςφόρος

1141 3140 1403 3231 κρᾶναι
1438 3141 1813 3234 πέπρωται
1836 3189 1858 3227 ,
1910 3137 2199 3232 μυρίαις
2228 3138 2304 3211 δὲ
2328 3145 2690 3262 πημοναῖς

1145 3237 1350 3325 δύαις
1377 3271 1460 3316 τε
1492 3241 1896 3341 καμφθείς,
1944 3238 2079 3314 ὦδε
2114 3233 2349 3334 δεσμοῖ
2380 3237 2776 3337 φυγγᾶυωυ

759 3384 916 3465 SEt
961 3420 1158 3488 mox,
1209 3408 1573 3489 postquam
1622 3397 1768 3464 lovi
1814 3418 2090 3486 quoque
2126 3395 2339 3464 fatum
2386 3397 2825 3466 metuendum
2869 3420 3004 3467 esse

809 3501 1338 3593 significaverat,
1390 3524 1454 3572 v,
1493 3498 1672 3573 521.

1139 3652 1362 3726 αλλου
1389 3646 1607 3745 λόγου
1638 3652 2058 3771 μέμνησθε,
2111 3644 2322 3726 τόνδε
2349 3647 2419 3724 δ’
2448 3646 2783 3746 οὐδαμῶς

1140 3749 1388 3878 ξαιρός
1415 3760 1783 3848 γεγωνεῖν,
1839 3746 2025 3827 ἄλλα
2050 3757 2574 3846 συγκαλυπτέος

1143 3857 1318 3932 ὅσον
1343 3853 1703 3952 μαλιστα·
1757 3850 1971 3931 τόνδε
2000 3881 2139 3952 γαρ
2170 3855 2404 3944 σώζων
2433 3848 2570 3951 ἐγω

1145 3956 1452 4055 δεσμους
1481 3957 1740 4042 ἀεικεῖς
1767 3958 1886 4032 καὶ
1918 3953 2089 4040 δυας
2121 3953 2562 4057 ἐκφυγγάνω.

808 4112 900 4179 Et
941 4125 1301 4204 postquam
1346 4115 1641 4207 apertius
1690 4114 1856 4181 dixit
1900 4112 2013 4180 illa
2065 4112 2154 4182 de
2203 4114 2380 4194 filio,
2449 4136 2655 4203 quem
2708 4115 2991 4207 luppiter

806 4238 994 4284 suam
1024 4217 1169 4308 ipse
1199 4219 1271 4285 in
1305 4219 1672 4308 perniciem
1701 4215 2043 4309 geniturus
2072 4227 2283 4305 esset,
2337 4216 2426 4286 de
2465 4239 2584 4286 sua
2622 4219 2988 4288 liberatione

801 4321 1119 4411 loquenS,
1170 4344 1235 4392 V.
1264 4319 1437 4391 874.

1550 4449 1840 4532 τοιόνδε
1878 4450 2205 4553 χρησμόν
2238 4484 2282 4554 η
2310 4452 2745 4556 παλαιγενής
