3259 5275
1113 511 1772 584 LIB.1.cAP.7.
2456 521 2547 587 27

322 705 606 775 alterum
654 706 751 776 sic
797 715 901 778 est
941 706 1333 833 dicendum,
1396 707 1980 834 προςεεαιρέεται
2018 706 2108 806 ἣν
2165 703 2541 804 βουλεται,

313 810 605 892 ‚alterum
647 818 1222 909 προςεξαιρεῖται
1249 811 1340 908 ἢν
1384 840 1479 885 αν
1505 806 1896 941 βούληται.
1983 812 2323 883 Lucianns
2367 769 2544 889 Dial.

320 926 515 982 mort.
545 914 668 986 lx.
700 915 770 983 2.
809 914 897 988 Τ.
925 915 978 984 1.
1010 939 1084 1008 p.
1118 912 1291 987 361.
1315 943 1437 989 ιιαι
1458 908 1821 1012 μακάριος
1845 911 1935 1014 ἦν
1966 912 2230 998 αυτῶν,
2286 915 2546 992 ὅντινα

319 1016 412 1087 ἄν
462 1015 588 1090 καὶ
627 1011 862 1109 μόνον
906 1020 1382 1114 προςέβλεψα.
1484 1017 1777 1088 ldemin
1821 1019 2114 1092 Demon.
2161 1017 2282 1089 10.
2322 1019 2410 1089 Τ.
2456 1022 2543 1091 11.

318 1116 499 1204 379,
542 1118 664 1189 18.
722 1122 942 1195 πλέον
981 1120 1060 1195 δὲ
1110 1120 1158 1218 ἢ
1210 1122 1520 1195 ἔλαττον
1572 1123 1826 1220 ἔχαιρε
1869 1148 2102 1197 συνων
2147 1120 2366 1203 ἐνίοις
2409 1150 2547 1197 αυ-

316 1250 506 1314 των,
555 1216 811 1313 μόνοις
846 1165 1308 1316 ἐξιστάμενος
1348 1218 1613 1299 ὁπόσοι
1655 1252 1749 1298 αν
1783 1220 2082 1299 ἐδόκουν
2111 1219 2315 1320 αὐτῷ
2360 1223 2546 1325 ὑπὲρ

318 1352 456 1422 την
482 1325 612 1421 τῆς
637 1325 1032 1421 θεραπείας
1061 1324 1314 1401 ἐλπίδα
1355 1322 1907 1425 διαμαρτάνειν.
2008 1328 2136 1397 His
2163 1328 2495 1419 quidem
2475 1353 2546 1399 m

321 1428 590 1497 dnobus
630 1429 953 1521 exemplis
992 1439 1316 1522 potuerat
1344 1432 1545 1501 etiam
1576 1432 1948 1523 optativus,
1999 1431 2120 1500 sed
2150 1433 2397 1501 omisso
2427 1428 2547 1524 ἄν,

320 1531 505 1625 poni.
610 1531 727 1601 Sic
778 1534 979 1601 etiam
1021 1534 1092 1602 in
1131 1534 1268 1603 hoc
1320 1533 1782 1627 Antiphontis·
1811 1535 1968 1604 loco
2009 1557 2081 1626 p.
2128 1531 2307 1622 768,
2374 1532 2546 1628 (85.

321 1631 393 1730 ὃ.
430 1633 593 1726 ll.)
638 1636 891 1709 ἔπειτα
927 1630 1065 1710 τόν
1103 1631 1329 1735 χορόν
1360 1640 1692 1721 συνέλεξα
1728 1663 1818 1719 ως
1848 1631 2211 1735 ἐδυνάμην
2244 1636 2546 1736 ἄριστα,

324 1735 497 1812 οὔτε
547 1731 898 1860 ζημιωσας
939 1734 1242 1830 ουδένα,
1295 1738 1470 1813 οὔτε
1512 1742 1811 1838 ἐνέχυρα
1853 1738 1987 1835 βίᾳ
2029 1742 2312 1836 φέρων,
2367 1739 2551 1822 ουτῖ

324 1833 926 1934 ἀπεχθανόμενος
969 1838 1217 1916 ουδενί
1234 1898 1263 1933 ,
1318 1837 1488 1917 α’λλ’
1533 1869 1760 1970 ωςπερ
1792 1872 1885 1916 αν
1914 1840 2177 1933 ἥδιστα
2208 1843 2332 1916 καὶ
2377 1848 2558 1917 §nc-2

320 1936 766 2066 ἵηδειότατα
803 1940 1252 2069 ἀμφοτέροις
1290 1946 1662 2039 ἐγίγνετο,
1717 1937 1857 2038 ἐγω
1890 1946 2031 2039 μὲν
2071 1946 2396 2020 ἐκέλευον
2430 1945 2552 2019 καὶ

320 2039 683 2145 ἦγουμην,
740 2054 821 2119 οὶ
857 2044 929 2120 δ
964 2041 1246 2130 ἑκόντες
1289 2047 1409 2121 καὶ
1444 2042 1970 2142 βουλόμενοι’
1926 2073 2273 2139 επεμπον.
2377 2049 2554 2118 Per-—

321 2151 486 2219 tinet
518 2148 609 2217 ad
653 2148 790 2218 hoc
826 2152 1327 2221 constructionis
1354 2173 1573 2244 genus
1606 2151 1808 2218 etiam
1839 2149 2318 2220 Demosthenis
2356 2152 2549 2220 locus

321 2276 392 2346 p.
445 2250 670 2322 1106.
723 2253 841 2322 nlt.
896 2252 1038 2327 οἱδὶ
1089 2254 1167 2327 δὲ
1206 2253 1303 2350 τῇ
1357 2245 1806 2376 παρακλήσει
1856 2246 2301 2377 χρησάμενοι
2348 2279 2551 2374 περι-

323 2348 784 2450 πετοίσματι,
828 2350 1194 2480 διαθήκας
1234 2349 1795 2478 ἑμαρτυρησαν,
1850 2380 1941 2435 ως
1989 2379 2083 2426 αν
2113 2349 2434 2447 μάλισθ’
2476 2361 2553 2430 οἱ

325 2458 661 2533 δικασταὶ
701 2485 983 2580 ταυτην
1015 2452 1151 2556 τήν
1198 2451 1611 2580 διαθήκην
1607 2455 2041 2531 ἐπίστευσαν
2088 2484 2229 2532 του
2272 2485 2555 2586 πατρος

325 2558 559 2652 εἶναι,
631 2554 771 2656 ἐγω
818 2562 896 2635 δὲ
942 2557 1423 2660 ἀπεκλείσθην
1469 2560 1611 2633 τοῦ
1657 2553 1880 2654 λόγου
1925 2565 2171 2651 τυχεῖν
2222 2558 2406 2660 υπὲρ
2451 2555 2554 2637 οἷν

326 2661 723 2759 ἀδικοῦμαι
745 2719 776 2755 ,
830 2661 1044 2739 οὗτοι
1076 2665 1186 2759 δέ,
1238 2669 1658 2792 φωραθεῖεν
1685 2691 1783 2737 τα
1813 2665 2053 2786 ψευδῆ
2080 2690 2553 2763 μεμαρτυρη-

322 2762 559 2849 νότες·
619 2768 862 2842 καίτοι
895 2762 988 2840 τό
1015 2763 1092 2861 γ’
1132 2765 1468 2842 ἐναντίον
1509 2764 1744 2863 ᾤοντο
1782 2760 2080 2840 τούτου.
2185 2766 2323 2837 Illi
2355 2790 2552 2858 vero,

312 2871 870 2965 provocationis
888 2880 1291 2965 praetextu
1319 2870 1457 2957 ιιεί,
1507 2870 1605 2940 de
1638 2877 2072 2940 testamento
2101 2869 2356 2941 testati
2382 2880 2552 2942 sunt

323 2997 405 3045 eo
454 2971 686 3045 modo
696 3026 718 3062 ‚
766 2997 906 3067 quo
931 2972 1309 3067 facillime
1347 2973 1629 3044 iudices
1676 2973 1818 3043 hoc
1848 2973 2107 3066 patris
2156 2982 2553 3045 testamen-

327 3087 481 3148 tum
522 3099 685 3149 esse
728 3078 1074 3165 credere,
1127 3100 1277 3200 ego
1309 3086 1555 3147 autem
1584 3075 1681 3146 ab
1724 3077 2022 3146 oranda
2062 3098 2339 3147 caussa
2386 3099 2554 3147 mea

323 3181 626 3253 excludi
678 3179 1064 3273 debebam,
1132 3181 1277 3275 ipsi
1310 3203 1486 3251 vero
1535 3218 1627 3233 -
1663 3178 1895 3274 falsa
1931 3182 2182 3250 testata·
2215 3202 2375 3252 esse
2418 3181 2553 3251 de-

314 3285 996 3383 prehenderentur.-
1087 3284 1297 3378 atqui
1354 3284 1812 3355 contrarium
1871 3282 2302 3376 sperabant.
2426 3284 2553 3352 Illa

329 3390 503 3458 enim
531 3385 747 3462 οὗτοι
779 3389 863 3462 δέ
868 3443 897 3477 ,
952 3387 1097 3479 (hic
1134 3410 1306 3457 voce
1336 3390 1646 3484 paullum
1672 3386 1966 3456 subsistit
1996 3387 2257 3479 orator)
2299 3413 2554 3484 φωρα-

328 3498 529 3567 θεῖεν
555 3484 659 3566 τοῖ
690 3490 927 3588 ψευδῆ
951 3486 1619 3588 μεμαρτυρηκότες,
1670 3489 1925 3559 ironice
1954 3490 2134 3560 dicta
2165 3513 2314 3560 esse
2341 3499 2553 3583 patet.

328 3595 534 3688 Apud
574 3593 1004 3663 Herodotum
1054 3616 1219 3664 vero
1272 3595 1461 3685 qnod
1488 3595 1542 3664 1.
1587 3591 1763 3663 108.
1805 3594 1877 3662 in
1920 3593 2325 3686 quibusdam
2357 3594 2555 3663 libris

331 3701 656 3792 scriptum
683 3706 806 3782 est,
858 3691 1037 3791 λάβε
1065 3690 1202 3771 τόν
1231 3697 1325 3770 ἄν
1357 3692 1728 3797 Μανδάνη
1762 3696 1959 3772 ἔτεκε
1988 3700 2246 3787 παῖδα,
2297 3697 2394 3765 ita
2428 3697 2555 3766 de-

330 3825 510 3871 mum
541 3825 584 3870 a
618 3801 998 3871 soloecismi
1025 3798 1555 3893 reprehensione
1585 3802 1733 3893 quis
1760 3801 2036 3889 liberet,
2089 3801 2145 3870 si
2193 3800 2559 3870 contendat

330 3908 615 3974 veritum
644 3927 790 3973 esse
829 3905 1219 3997 Astyagen,
1268 3927 1356 3974 ne
1399 3903 1575 3974 forte
1619 3903 1970 3973 Mandane
2003 3904 2334 3997 gemellos
2382 3914 2559 3974 esset

335 4017 446 4076 aut
493 4007 907 4100 tergeminos
946 4008 1158 4078 enixa.
1223 4006 1319 4076 At
1362 4007 1435 4075 id
1461 4008 1572 4077 vix
1615 4009 1740 4077 erit
1777 4007 1892 4079 cui
1916 4008 2278 4100 probetur:
2331 4017 2556 4077 recte-

336 4134 466 4201 que
514 4110 719 4180 codd.
768 4112 1078 4202 plerique
1130 4111 1440 4179 omittunt
1486 4108 1601 4183 ἄν.
1665 4107 2040 4183 ,Offendat
2092 4111 2377 4180 fortasse
2431 4111 2554 4178 ali-

339 4237 536 4304 quem
567 4214 660 4287 ἄν
678 4213 878 4283 etiam
894 4214 1078 4306 apud
1095 4214 1466 4283 Lucianum
1484 4213 1683 4283 Halc.
1717 4208 1788 4281 5.
1820 4212 1975 4285 T.1.
2002 4235 2075 4305 p.
2106 4212 2279 4285 181.
2312 4214 2555 4286 ταῦτα

345 4311 476 4412 γοῖρ
519 4323 676 4399 τοῖς
716 4319 905 4399 νέοις
932 4344 1023 4399 ως
1054 4345 1146 4393 αν
1179 4313 1384 4390 εἷπον
1415 4315 1735 4397 παιδίοις
1761 4310 1924 4389 οὐδ’
1975 4318 2075 4399 εἰς
2102 4317 2279 4390 νοῦν
2309 4319 2556 4389 ἐλθεῖν

350 4414 623 4494 δυνατα
656 4419 1021 4517 φαίνεται.
1126 4421 1305 4489 Nam
1333 4428 1980 4489 commemoraverat
2006 4421 2240 4513 paullo
2271 4428 2425 4486 ante
2456 4444 2553 4490 τα

346 4516 558 4618 νήπια
611 4523 979 4605 παντελως
1015 4524 1251 4623 βρέφη
1277 4517 1378 4598 τοὶ
1410 4528 1789 4621 πεμπταῖα
1820 4527 1896 4598 ἐκ
1927 4522 2213 4620 γενετῆς
2246 4520 2292 4611 ἦ
2337 4524 2554 4596 δικα-
