3259 5275
1032 459 1718 525 LIB.1.GAP.12.
1827 411 1832 416 ⁷
2434 464 2526 534 ω

301 656 666 751 particulae
712 652 1125 736 adiectione,
1192 659 1263 720 et
1300 651 1429 720 nisi
1468 672 1775 742 semper,
1839 658 2070 719 tamen
2110 652 2520 745 plerumque

302 782 659 830 eacarere.
764 756 919 832 vid.
946 753 1281 823 Matthiae
1321 778 1426 847 gr.
1458 754 1584 829 Gr.
1617 748 1692 848 §.
1724 750 1900 827 51⁰.
1930 752 2000 823 6.
2055 763 2124 823 et
2120 778 2360 879 ‘quem
2405 759 2518 827 ille

296 864 528 933 laudat
546 860 998 933 Schaeferum
1020 859 1261 932 Melet.
1293 882 1387 932 cr.
1414 882 1486 950 p.
1517 857 1692 931 13⁰.
1721 880 1865 948 seq.
1894 858 1984 927 de
2010 860 2191 979 χρῆν
2220 868 2288 928 et
2308 861 2517 952 ἔμελ-

294 972 422 1041 λον
470 967 925 1035 disserentem.
1032 964 1191 1032 Non
1231 973 1488 1031 temere
1529 962 1667 1030 hoc
1697 961 1871 1050 fieri,
1923 962 2204 1031 sensisse
2252 963 2519 1032 videtur

292 1070 632 1139 Matthiae
676 1064 750 1164 §.
794 1065 971 1140 508.
1019 1076 1159 1139 not.
1205 1066 1277 1139 l.
1313 1066 1437 1135 sed
1471 1064 1772 1153 debebat
1817 1089 1968 1134 eam
2000 1066 2328 1135 rationem
2360 1091 2517 1135 am-

292 1176 473 1268 plius
504 1175 829 1266 persequi
846 1226 867 1262 ‚
917 1170 1314 1263 praesertim
1356 1192 1566 1260 quum
1604 1171 1696 1238 ita
1728 1170 2012 1262 simplex
2046 1179 2116 1238 et
2160 1171 2367 1262 plana
2415 1172 2520 1256 sit,

292 1287 368 1346 ut
392 1300 539 1346 non
564 1276 777 1369 possit
802 1298 940 1345 non
968 1275 1190 1342 statim
1225 1276 1431 1344 cuivis
1464 1296 1823 1366 apparere.
1924 1275 2168 1364 Neque
2197 1274 2376 1343 enim
2408 1275 2520 1343 ul-

292 1383 437 1450 lum
483 1382 750 1449 illorum
798 1378 1161 1447 verborum
1216 1387 1350 1466 est,
1420 1377 1607 1468 quod
1643 1400 1780 1445 non
1822 1386 1938 1446 aut
1977 1371 2186 1468 'saepe
2228 1388 2346 1447 aut
2391 1379 2519 1447 ali·-

294 1484 577 1575 quando
606 1492 789 1552 certe
816 1483 1215 1576 particulam
1244 1480 1336 1554 ἄν
1357 1490 1497 1550 tam
1538 1482 1912 1550 necessario
1942 1481 2259 1570 requirat,
2313 1505 2519 1573 quam

297 1589 453 1657 alibi
487 1588 957 1679 adsperuetur.
1062 1588 1242 1656 Nam
1283 1585 1694 1675 ubicumque
1733 1582 1990 1675 aliquid
2005 1631 2025 1669 ,
2083 1584 2274 1674 quod
2318 1587 2523 1655 etiam

296 1693 434 1762 sine
471 1691 861 1760 conditione
911 1710 1142 1758 verum
1185 1697 1322 1775 est,
1378 1698 1981 1774 commemoratur,
2033 1687 2271 1758 abesse
2314 1688 2525 1758 debet

293 1795 673 1890 particula:
740 1795 858 1863 ubi
909 1804 1134 1862 autem
1186 1793 1439 1882 aliquid
1491 1793 1915 1864 nominamus
1929 1839 1951 1877 ,
2021 1791 2210 1881 quod
2264 1793 2524 1861 nonnisi

298 1909 489 1968 certa
517 1898 906 1969 conditione
932 1919 1171 1966 verum
1207 1905 1343 1982 est,
1394 1893 1773 1966 necessaria
1809 1905 1912 1967 est
1934 1895 2305 1988 particulae
2332 1894 2525 1966 adie-

297 2005 452 2071 ctio.
560 2003 963 2095 lntelligitur
987 2001 1062 2069 id
1102 2010 1329 2071 autem
1369 2023 1455 2070 ex
1482 2000 1826 2093 opposito.
1929 2000 2112 2068 Nam
2155 1999 2344 2089 quod
2380 2000 2524 2069 sine

297 2105 688 2176 conditione
728 2128 965 2174 verum
1009 2113 1146 2197 est,
1200 2106 1263 2173 ei
1311 2126 1450 2172 non
1481 2104 1640 2172 licet
1682 2102 1978 2196 opponi,
2028 2124 2166 2170 non
2205 2106 2355 2172 esse
2400 2126 2522 2172 ve-

293 2233 445 2280 rum
460 2233 482 2278 ε
536 2208 725 2299 quod
755 2218 983 2278 autem
1010 2218 1194 2279 certa
1217 2216 1476 2277 tantum
1504 2205 1889 2276 conditione
1915 2212 2035 2292 est,
2088 2206 2154 2273 ei
2175 2214 2360 2276 recte
2390 2227 2528 2299 op-

294 2336 513 2406 pones
530 2361 553 2399 ,
629 2336 766 2383 non
825 2336 973 2381 esse
989 2363 1010 2401 ,
1094 2313 1357 2382 sublata
1420 2310 1822 2383 conditione.
1923 2309 2311 2380 Declarabo
2375 2333 2526 2380 rem

296 2417 652 2511 exemplis,
756 2415 1142 2509 Sophocles
1172 2415 1283 2486 El.
1324 2409 1549 2483 1505.

501 2618 689 2719 χρῆν
742 2617 814 2696 ὃ
869 2615 1090 2704 εὐθΰς
1142 2617 1333 2697 εἶναι
1382 2611 1603 2719 τήνδε
1652 2623 1807 2702 τοῖς
1857 2617 2082 2694 πᾶσιν
2133 2617 2356 2720 δίκην,

500 2724 697 2807 ὅστις
746 2727 934 2822 πέρα
981 2751 1342 2848 πρασσειν
1392 2753 1473 2818 γε
1525 2723 1674 2798 τῶν
1723 2717 1972 2817 νόμων
2022 2722 2275 2817 θέλει,

505 2827 856 2903 κτείνειν·
908 2856 998 2903 το
1053 2823 1194 2925 yde
1253 2827 1672 2925 πανοῦργον
1725 2822 1857 2905 οὐκ
1907 2825 2003 2900 ἄν
2054 2821 2146 2924 ἦν
2196 2820 2404 2903 πολύ.

310 3034 521 3131 Χρῆν
563 3033 728 3103 dicit
741 3082 764 3120 ,
830 3034 990 3125 quia
1047 3041 1366 3126 oportere
1410 3033 1663 3103 indicat
1709 3035 1853 3104 sine
1906 3032 2326 3103 conditione·
2398 3056 2532 3102 nec

298 3145 529 3230 potest
566 3137 863 3229 opponi,
928 3133 1093 3211 οἷλλ
1133 3132 1224 3209 οὐ
1270 3130 1445 3235 χρήε
1508 3161 1668 3207 nam
1707 3139 1763 3207 si
1806 3136 2110 3229 oportet,
2177 3137 2527 3228 quomodo

302 3250 528 3332 potest
554 3263 695 3309 non
720 3249 1036 3333 oportere
1059 3238 1095 3308 ?
1142 3241 1240 3309 At
1267 3263 1406 3308 non
1437 3244 1662 3311 omnia
1694 3244 1885 3328 fiunt,
1936 3263 2113 3332 quae
2143 3240 2526 3370 oportebat.

304 3344 538 3434 ltaque
581 3343 771 3434 quod
817 3366 1172 3436 opponere
1219 3351 1454 3436 potes,
1507 3345 1693 3414 aliud
1740 3354 1870 3413 est:
1938 3338 2109 3417 οἷλλ
2166 3340 2297 3416 οὐκ
2345 3346 2523 3419 ἔστι.

309 3447 563 3517 Contra
610 3470 748 3516 nou
786 3446 984 3536 dicit,
1026 3441 1121 3521 vo*
1152 3439 1292 3541 γοῖρ
1337 3449 1755 3547 πανοῦργον
1793 3443 1924 3522 οὐκ
1975 3442 2065 3543 ἦν
2111 3439 2301 3521 πολύ
2315 3493 2349 3527 2
2400 3446 2528 3515 sed

310 3550 491 3620 addit
527 3551 955 3643 particulam.
1057 3551 1238 3618 Nam
1279 3551 1393 3619 illa
1429 3561 1689 3621 tantum
1718 3551 2099 3621 conditione
2131 3572 2270 3619 nou
2301 3551 2528 3620 forent

307 3654 496 3722 multi
530 3653 790 3728 nefarii.
893 3653 1104 3744 Atqui
1120 3707 1141 3745 ,
1195 3655 1352 3743 quia
1378 3679 1515 3725 non
1556 3664 1772 3725 exstat
1799 3656 1909 3725 lex
1934 3654 2050 3722 illa
2064 3706 2086 3744 ,
2139 3662 2292 3723 sunt
2318 3655 2526 3724 multi.

306 3756 960 3851 Itaquevppositum
983 3767 1086 3827 est
1103 3805 1125 3843 ,
1178 3753 1342 3832 ἀλλ’
1370 3759 1529 3834 ἔστι
1555 3753 1764 3835 πολύ.
1867 3759 2016 3827 Iam
2056 3759 2255 3828 facile
2283 3758 2530 3827 intelli-

308 3871 508 3953 getur
521 3909 544 3947 ,
610 3884 730 3930 cur
780 3885 862 3931 ea
900 3862 1325 3955 pofissimum
1363 3863 1574 3932 verba
1587 3914 1607 3952 ,
1678 3885 1857 3954 quae
1903 3864 2016 3931 vel
2064 3864 2533 3932 necessitatem

309 3965 605 4055 aliquam
660 3966 1073 4057 significant,
1151 3975 1228 4034 ut
1283 3963 1557 4063 ὤφελε,
1625 3966 1884 4064 ἐχρῆν,
1946 3966 2133 4055 ἔδει,
2197 3967 2529 4063 προςῆκε,

310 4070 420 4136 vel
446 4070 833 4138 libertatem
872 4069 1203 4157 faciendi,
1253 4080 1330 4138 ut
1372 4069 1567 4168 ἐξῆν,
1620 4070 1835 4168 ἐνῆν,
1873 4070 1984 4139 vel
2022 4071 2372 4139 veritatem
2412 4069 2533 4161 rei,

313 4179 387 4238 ut
414 4168 505 4268 ἦν
517 4227 547 4262 ‚
603 4172 895 4266 ἔμελλεν
909 4223 930 4261 ,
982 4174 1370 4268 saepissime
1399 4184 1673 4243 careant
1711 4174 2081 4268 particulae
2126 4172 2528 4242 accessione.

311 4274 490 4343 Nam
521 4299 699 4366 quae
741 4277 890 4346 fieri
921 4286 1227 4371 oportet,
1291 4277 1403 4346 vel
1448 4278 1644 4369 licet,
1696 4279 1807 4347 vel
1850 4301 2028 4368 quae
2069 4285 2223 4348 sunt
2268 4284 2386 4345 aut
2427 4275 2530 4344 fu-

316 4387 464 4447 tura
506 4389 692 4468 sunt,
756 4381 1162 4475 plerumque
1205 4381 1597 4475 simpliciter
1641 4384 1993 4453 veritatem
2030 4382 2131 4453 rei
2172 4380 2532 4466 continent,
