3259 5275
862 469 966 536 DE
1000 471 1366 536 MENSVRA
1397 471 1840 551 VTRIVSQVE
1883 472 1981 541 ἄν.
2397 475 2531 547 ⁸85

182 673 203 724 f
319 686 458 735 nou
492 662 565 732 in
599 661 960 733 scribendo
997 663 1242 734 accidit
1257 715 1278 755 ‚
1330 664 1539 733 verba
1572 664 1758 733 idem
1786 653 2220 757 significantia
2245 691 2528 761 permu—

319 778 499 855 tare,
555 768 610 837 is
626 817 648 856 ‚
702 768 983 860 opinor,
1036 790 1172 836 non
1225 790 1270 836 a
1315 790 1478 836 vero
1528 791 1655 838 nos
1703 768 2019 840 aberrare
2057 770 2376 842 iudicabit
2389 824 2411 864 ,
2463 775 2526 848 si

317 880 601 966 poetam
645 870 739 939 sic
778 871 1118 964 scripsisse
1151 870 1664 942 contendamus:

564 1031 571 1042 ’
627 1019 795 1099 οὔτ’
830 1007 934 1100 ὦ*
979 1019 1298 1100 ἀδικοῖτ’
1335 1021 1550 1099 οὐδὲν
1606 1020 1879 1117 οὐδείς,
1952 1023 2133 1103 οὔθ’
2179 1022 2527 1129 ὕβρίζοιτῖ

1389 1144 1483 1218 ἄν
1519 1146 1777 1220 θέλων.
2551 1170 2556 1174 ·

313 1299 566 1389 Error,
617 1295 950 1389 antiquior
973 1295 1330 1367 Eustathio
1345 1347 1366 1387 ‚
1415 1298 1505 1368 ab
1541 1296 1681 1367 hoc
1717 1307 1820 1368 est
1852 1298 2195 1392 repetitus.

517 1453 704 1522 xm.
787 1450 1047 1521 Poterit
1092 1450 1380 1521 fortasse
1432 1453 1703 1522 tertium
1750 1452 2088 1521 decimum
2147 1454 2529 1547 exemplum

313 1580 403 1627 ex
444 1555 697 1627 Cratini
742 1555 964 1623 verbis
1010 1555 1189 1646 peti,
1256 1577 1433 1646 quae
1486 1556 1676 1648 apud
1722 1555 2148 1626 Athenaeum
2201 1580 2273 1650 p.
2318 1557 2387 1626 8.
2440 1560 2525 1629 Α.

312 1661 412 1750 sic
452 1661 700 1752 scripta
740 1659 1092 1750 leguntur:
1146 1656 1292 1739 παῖς
1343 1656 1435 1731 ἄν
1465 1653 1902 1752 Ἰσχομάχου
1946 1654 2249 1753 γεγονώς
2274 1663 2528 1735 Μυκο-

262 1755 271 1766 ’
314 1761 480 1842 'lov
525 1760 926 1859 φιλόδωρος
965 1758 1057 1832 ἂν
1103 1761 1260 1858 εἴης.
1375 1760 1455 1828 ln
1498 1762 1740 1852 quibus
1783 1784 1994 1852 quum
2039 1784 2262 1852 neque
2321 1763 2526 1834 dictio

310 1889 529 1935 vacua
553 1866 712 1933 vitio
764 1864 879 1952 sit,
928 1885 1153 1953 neque
1188 1865 1457 1932 numeri
1499 1866 1615 1955 qui
1656 1866 1874 1934 usitati
1916 1866 2045 1933 sint
2095 1866 2526 1955 inveniantur,

311 1978 628 2062 apertum
671 1976 810 2055 est,
892 1967 948 2035 si
988 1966 1161 2034 haec
1189 1976 1345 2035 sunt
1403 1991 1485 2036 ex
1527 1969 1830 2038 versibus
1885 1969 2186 2038 iambicis
2236 1981 2525 2063 sumpta,

310 2095 451 2142 non
478 2072 669 2140 aliter
715 2080 877 2163 apto
920 2078 1123 2160 atque
1156 2070 1450 2163 eleganti
1491 2094 1772 2141 numero
1812 2074 2146 2142 trimetros
2187 2074 2525 2165 incedere,

308 2198 521 2268 quam
559 2174 899 2269 producta
935 2173 1304 2268 particula,
1351 2175 1490 2244 sive
1535 2177 1628 2245 sic
1677 2176 2068 2245 distribuas.

721 2353 869 2408 πως
898 2325 990 2399 ἄν
1016 2321 1459 2422 Ἰσχομάχου
1484 2356 1703 2425 γεγως
1730 2356 1868 2405 του
1840 2325 2282 2405 ’Μυκονίου

629 2438 1030 2546 φιλόδωρος
1065 2444 1156 2520 ἂν
1194 2448 1376 2546 εἴηςς

190 2690 193 2693 ¹
311 2602 453 2675 sive
492 2599 633 2673 hoc
669 2600 915 2673 modo.

1303 2753 1451 2838 παῖς
1491 2754 1584 2829 ἄν
1617 2749 2063 2850 Ἰσχομάχου
2105 2751 2324 2852 νεγοῖς

621 2871 761 2950 τοῦ
784 2869 1169 2949 ,Μυκονίου
1197 2868 1598 2974 φιλόδωρος
1630 2873 1723 2949 ἂν
1757 2877 1902 2975 εἴης
1918 2903 1972 2981 ,2

308 3028 458 3100 Sed
483 3036 710 3097 tamen
735 3023 895 3094 huic
926 3025 1202 3116 quidem
1238 3027 1627 3120 fragmento
1665 3028 1813 3118 quis
1843 3028 2095 3119 aliquid
2125 3026 2406 3111 tribuat,
2450 3027 2519 3095 in

309 3154 453 3224 quo
482 3153 704 3222 neque
731 3138 990 3197 constat
1019 3130 1109 3197 de
1139 3139 1355 3199 metro
1374 3182 1395 3217 ‚
1448 3140 1516 3199 et
1543 3130 1933 3220 relinquitur
1968 3130 2171 3215 illud,
2210 3138 2287 3196 ut
2315 3131 2398 3196 sit
2435 3152 2520 3198 ex

310 3237 574 3305 cantico
617 3233 1100 3325 depromptum
1114 3284 1138 3324 ,
1186 3230 1257 3300 in
1300 3256 1438 3326 quo
1475 3234 1850 3304 trimetrum
1895 3241 2290 3326 sequeretur
2328 3233 2518 3303 clau·

305 3340 460 3411 sula
485 3336 942 3431 anapaesticae

640 3481 1041 3588 φιλόδωρος
1073 3485 1165 3562 ἂν
1189 3488 1352 3589 εἴης.

514 3640 703 3716 xlv.
825 3641 1159 3727 Quartum
1228 3640 1568 3709 decimum
1649 3639 2033 3731 exemplum
2098 3661 2140 3707 a
2204 3638 2515 3708 Dindor-

304 3746 402 3815 fio
460 3745 717 3813 illatum
795 3754 899 3813 est
962 3746 1345 3836 fragmento
1407 3743 1768 3813 Menandri
1839 3740 2025 3833 apud
2089 3741 2517 3812 Athenaeum

303 3848 489 3918 vm.
551 3872 624 3942 p.
672 3818 843 3917 864.
895 3848 980 3918 Ε.
1018 3848 1166 3917 -ubi
1231 3849 1289 3915 is
1337 3847 1527 3938 quod
1588 3847 1741 3915 libri
1796 3844 2050 3913 habent
2115 3839 2396 3919 ἀνελεῖν
2445 3848 2515 3915 ἱιι

306 3949 403 4025 ἄν
468 3955 653 4026 ἑλεῖν
721 3951 1032 4038 mutavit,
1117 3951 1303 4019 cuius
1374 3970 1510 4043 ego
1567 3949 1946 4020 mutationis
2012 3968 2332 4016 caussam
2377 3971 2515 4017 non

304 4055 682 4148 perspicio,
744 4078 874 4125 nec
926 4002 1128 4124 video
1189 4053 1355 4145 quid
1420 4052 1511 4122 ad
1562 4052 2102 4122 emendationem
2151 4052 2512 4144 fragmenti

303 4180 443 4228 non
481 4158 718 4227 leviter
763 4159 1062 4251 corrupti
1128 4157 1445 4226 conferat.
1551 4155 1697 4226 Sed
1750 4178 2002 4249 operae
2063 4157 2354 4247 pretium
2411 4162 2512 4221 est

302 4282 537 4330 versus
612 4261 799 4350 illos,
875 4263 994 4354 qui
1042 4263 1312 4332 fuerunt
1371 4261 1441 4330 in
1507 4262 1776 4358 Μέθῃ,
1855 4259 2224 4335 accuratius
2279 4257 2509 4326 consi-

303 4363 604 4445 deme..

403 4498 649 4571 unam.
690 4497 827 4571 01».
873 4499 989 4569 lv.
1956 4493 2095 4563 Bb

362 4656 423 4739 0
