3259 5275
662 373 667 378 ‘
766 427 896 491 aa
1057 423 1157 486 οε
1178 419 1848 484 mscmrnommvs
1875 419 2329 495 vavsnm
2352 424 2700 489 cusas.

782 614 1109 685 Victoria
1168 609 1660 684 sectatoribus
1726 611 2126 684 Musarum
2170 623 2352 708 post
2417 625 2732 687 mortem
2798 639 2964 688 cou-

766 720 1134 806 sociatur,
1188 716 1529 787 carmina
1559 716 1854 787 videtur
1869 715 2158 811 fecisse
2206 719 2322 810 (ut
2348 718 2708 791 Petronia
2747 721 2965 793 Musa

764 824 840 892 in
885 820 1209 892 Iacobsii
1268 820 1458 914 App.
1503 843 1580 888 π.
1627 819 1799 888 338.
1853 820 2094 909 349),·
2160 844 2392 915 eaque
2426 846 2520 893 ex
2569 848 2655 895 re
2703 824 2964 896 intelli-

761 927 1017 1022 gitur,
1097 946 1236 996 cur
1287 925 1441 993 eius
1479 929 1797 1017 Jructus
1859 925 2179 994 materni
2239 926 2517 1020 gremii
2571 921 2782 1002 πόνοι
2852 929 2964 999 di-

765 1039 1075 1118 cantur,
1137 1027 1494 1122 respectis
1527 1027 1874 1097 nimirum
1927 1026 2306 1099 laboribus
2354 1030 2747 1102 litterariis
2763 1083 2784 1120 ,
2851 1032 2969 1125 qm·

750 1155 899 1230 per
949 1131 1486 1228 praecedentia
1555 1140 1727 1202 sunt
1788 1131 2120 1203 indicati.
2250 1132 2418 1204 Sed
2478 1135 2594 1205 vel
2656 1135 2723 1205 si
2778 1158 2965 1230 pro-

749 1247 930 1333 pter
997 1238 1237 1306 solam
1307 1234 1603 1306 virtutis
1686 1256 2040 1305 coronam
2107 1234 2352 1307 Musis
2428 1239 2965 1310 adnumerare-

763 1351 924 1425 ίαν,
985 1362 1348 1434 maguam
1417 1338 1710 1432 quidem
1762 1347 1996 1433 poeta
2066 1338 2204 1410 sibi
2269 1341 2644 1413 licentiam
2710 1343 2965 1412 indul-

758 1454 1021 1540 gente,
1073 1437 1342 1524 πόνους
1390 1441 1723 1537 refertur
1774 1443 1883 1512 ad
1913 1441 2219 1530 Musas,
2271 1443 2631 1539 habetque
2678 1456 2834 1516 tum
2876 1469 2967 1516 ea

757 1547 1024 1619 mentio
1088 1546 1288 1616 hanc
1352 1546 1825 1634 sententiam,
1879 1567 2031 1639 pro
2088 1546 2426 1619 Musaeis
2464 1546 2755 1644 fetibus
2822 1550 2964 1621 Ce-

760 1654 986 1724 stiam
1051 1650 1246 1721 ulios
1299 1672 1562 1744 eosque
1618 1649 1958 1719 meliores
2012 1650 2355 1721 edidisse.
2371 1658 2414 1693 ‘⁶
2543 1653 2679 1722 Hic
2739 1656 2963 1747 primo

757 1756 1141 1848 quaerimus
1155 1808 1176 1843 ,
1244 1754 1361 1822 ubi
1408 1752 1685 1823 tandem
1730 1752 1988 1822 dictum
2034 1755 2152 1840 sit,
2211 1753 2510 1826 Cestiam
2563 1765 2726 1850 post
2776 1780 2963 1826 mor-

755 1870 897 1931 tem
976 1857 1414 1928 sectatoribus
1479 1855 1833 1926 Musarum
1897 1857 2287 1928 consociari.
2416 1860 2526 1929 De
2594 1883 2680 1929 ea
2739 1883 2819 1929 re
2878 1883 2964 1929 ne

755 1963 1040 2033 verbum
1095 1959 1372 2053 quidem
1422 1962 1491 2029 iu
1537 1961 2031 2054 epigrammate
2100 1970 2218 2030 est.
2341 1961 2605 2032 Deinde
2668 1966 2961 2032 carmina

759 2067 1056 2138 Cestiam
1110 2065 1351 2134 fecisse
1412 2075 1659 2133 censet.
1778 2065 1872 2133 Vt
1924 2064 2059 2133 hoc
2104 2065 2430 2158 tantisper
2486 2066 2959 2151 concedamus,

755 2193 842 2241 ex
883 2193 968 2239 eo
1008 2191 1342 2263 apparere
1387 2169 1566 2255 vult,
1635 2191 1756 2236 cur
1807 2169 1947 2237 eius
1993 2169 2292 2236 carmina
2346 2161 2564 2242 πόνοι
2615 2181 2958 2246 vocentur.

754 2277 849 2345 At
877 2272 1047 2341 illud
1090 2265 1357 2351 πόνους
1386 2270 1665 2340 Osanno
1709 2270 1983 2340 demum
2023 2270 2345 2358 debetur,
2396 2273 2785 2365 multaeque
2819 2285 2959 2343 erat

755 2376 1152 2448 dubitationi
1204 2373 1710 2444 subiicieudum.
1832 2374 1976 2444 Sed
2028 2374 2154 2443 hos
2220 2376 2359 2443 sive
2408 2377 2717 2468 poeticos
2781 2379 2957 2446 lusus

754 2483 893 2551 sive
914 2480 1080 2548 alios
1112 2479 1379 2547 labores
1420 2478 1774 2547 litterarios
1808 2471 2074 2559 πόνους
2109 2478 2389 2548 materni
2416 2480 2657 2573 gremii
2681 2481 2826 2549 vult
2852 2480 2955 2549 di-

753 2593 899 2656 ctos
938 2605 1108 2657 esse.
1213 2583 1307 2651 At
1341 2604 1503 2652 vero
1541 2581 1719 2655 hanc
1759 2604 1960 2652 nemo
1993 2604 2128 2651 uon
2176 2581 2504 2676 intelliget
2550 2584 2741 2654 nimis
2786 2607 2955 2678 por-

750 2697 1082 2758 tentosam
1119 2684 1592 2778 metaphoram
1642 2709 1789 2755 esse
1805 2736 1826 2773 ,
1894 2686 1948 2754 si
1983 2686 2191 2755 libros
2235 2687 2531 2757 scribens
2573 2689 2815 2758 mulier
2845 2690 2955 2758 'la-

748 2792 952 2861 bores
1006 2812 1162 2859 suos
1201 2790 1555 2859 litterarius
1601 2812 1686 2857 ex
1722 2800 1918 2858 utero
1961 2810 2118 2874 suo,
2172 2790 2289 2886 ἑῆς
2332 2794 2407 2863 ἐκ
2455 2785 2735 2890 νηδύος,
2788 2815 2954 2885 pro-

749 2896 1000 2965 ducere
1061 2894 1341 2963 dicatur.
1465 2892 1750 2962 Videtur
1803 2891 1940 2961 hoc
1978 2893 2126 2984 ipse
2182 2894 2461 2963 'sensisse
2520 2892 2954 2965 Welckerus:

746 2999 1068 3091 quocirca
1105 2998 1305 3066 aliam
1354 2997 1873 3089 explicationem
1918 2995 2194 3084 adiecit,
2247 3005 2353 3084 ut,
2404 2998 2460 3066 si
2494 2996 2756 3084 Cestia,
2811 3023 2954 3068 ma-

746 3126 958 3197 gnam
1013 3102 1351 3171 licentiam
1396 3101 1524 3169 sibi
1572 3099 1966 3192 indulgente
2006 3108 2216 3191 poeta
2231 3151 2252 3188 ,
2309 3109 2594 3193 propter
2639 3125 2953 3171 coronam

747 3207 1001 3277 virtutis
1046 3203 1263 3273 Musis
1307 3203 1815 3289 adnumeretur,
1882 3196 2147 3282 πόνους
2187 3203 2519 3272 referatur
2564 3204 2655 3273 ad
2694 3204 2954 3290 Musas,

745 3310 1132 3399 mentisque
1169 3331 1404 3377 earum
1431 3307 1609 3376 hanc
1639 3307 1778 3377 n'm
1799 3304 2085 3393 habeat,
2136 3314 2211 3375 ut
2248 3306 2476 3376 Cestia
2497 3329 2650 3401 pro
2688 3310 2955 3378 musicis

746 3413 993 3482 fetibus
1058 3411 1226 3481 alios
1291 3411 1553 3480 dicatur
1601 3432 1858 3501 eosque
1908 3409 2223 3479 meliores
2289 3409 2600 3483 edidisse.
2728 3411 2955 3497 Quam

747 3538 1067 3609 magmm
1104 3515 1440 3585 licentiam
1491 3514 1832 3608 appellat,
1883 3522 1988 3582 est
2019 3536 2102 3580 ea
2148 3514 2464 3605 profecto
2495 3537 2781 3608 magna,
2833 3515 2956 3585 sed

744 3624 986 3690 iterum
1025 3642 1181 3688 cum
1213 3620 1536 3713 petitione
1584 3616 1901 3711 principii
1916 3665 1939 3701 ‚
1989 3615 2179 3707 quod
2214 3615 2442 3687 Cestia
2491 3626 2779 3712 propter
2813 3621 2955 3688 vir-

746 3733 958 3793 tutem
1021 3744 1208 3791 suam
1272 3722 1493 3792 Musis
1545 3721 2040 3790 adnumeretur.
2161 3719 2305 3793 Sed
2364 3732 2441 3790 ut
2485 3721 2624 3791 hoc
2689 3723 2784 3791 ita
2851 3723 2953 3810 sit,

745 3826 1096 3918 quomodo
1156 3821 1461 3911 πόνους,
1530 3825 1587 3895 si
1631 3848 1769 3894 non
1829 3816 2164 3917 significat
2228 3824 2513 3918 scripta,
2574 3825 2818 3895 referri
2865 3825 2951 3894 ad

742 3930 983 4000 Musas
1008 3931 1287 4023 potest?
1338 3938 1409 3999 et
1446 3928 1723 4021 quidem
1749 3950 1919 4013 vox,
1960 3950 2168 4018 quam
2191 3928 2595 3999 Welckerus
2631 3952 2768 4022 pro
2798 3952 2951 3998 cer-

740 4035 994 4104 tissima
1029 4033 1274 4121 habet,
1327 4032 1631 4123 quamvis
1662 4033 1729 4101 in
1771 4031 2003 4124 lapide
2043 4030 2209 4100 nihil
2240 4033 2365 4101 uisi
2403 4034 2617 4107 oNo
2627 4032 2765 4107 Tc·
2784 4055 2949 4102 cou-

742 4139 1059 4231 spiciatur
1073 4137 1109 4204 ?
1193 4136 1502 4227 Denique
1540 4137 1660 4204 ubi
1703 4135 1978 4205 tandem
2029 4136 2150 4213 vel,
2183 4137 2591 4205 levissimmn
2632 4136 2948 4205 indicium

740 4239 1076 4311 absurdae
1107 4239 1294 4310 istius
1324 4241 1694 4309 sentefflae
1721 4248 1956 4326 exstat,
1996 4262 2148 4333 pro
2175 4236 2478 4309 Musaeis
2509 4240 2757 4308 fetibus
2783 4240 2946 4308 alios

743 4345 1043 4415 Cestium
1082 4352 1286 4434 atque
1310 4344 1622 4414 meliores
1639 4398 1660 4434 ,
1710 4365 1966 4436 pueros
1998 4342 2312 4413 videlicet
2340 4354 2411 4412 et
2431 4343 2728 4436 puellas,
2779 4364 2943 4435 pro-

743 4448 1057 4518 creasse?
1157 4447 1446 4519 Facilius
1493 4456 1710 4536 certe,
1762 4469 2175 4539 quamquam
2214 4468 2352 4517 uon
2389 4448 2458 4518 in
2489 4445 2766 4517 landem
2796 4468 2938 4515 ma·
