3259 5275
621 423 626 428 ’
745 465 877 530 nes
999 461 1103 523 os
1143 457 1813 526 mscmrnomsvs
1858 455 2318 538 vavsum
2361 456 2715 522 cumeis.

746 654 1037 747 septimo
1087 650 1379 720 decimo.
1485 649 1568 718 ln
1615 649 1832 719 altero
1883 647 2094 718 latere
2161 657 2388 719 autem
2437 651 2652 720 semel
2714 659 2971 723 tuntum

744 759 814 828 in
849 758 989 828 fine
1041 754 1238 823 meu-i
1275 761 1605 846 punctum
1656 762 1795 836 est,
1860 753 2003 821 aliis
2056 753 2125 821 in
2174 754 2341 822 locis
2391 755 2660 848 virgula
2678 806 2701 842 ‚
2768 780 2974 848 quam

744 859 1090 931 Hesselius
1166 857 1538 927 minuscula
1591 884 1619 929 ι
1690 856 2110 949 significavit.
2229 856 2427 926 Haec
2483 859 2764 949 quidem
2818 861 2974 930 satis

745 965 995 1035 idonea
1043 959 1359 1032 videntur
1407 959 1658 1029 indicia
1708 983 1892 1047 esse,
1962 960 2208 1052 quibus
2273 963 2732 1055 suspicionem
2801 964 2980 1033 dua-

744 1090 899 1138 rum
953 1087 1276 1138 munuum
1344 1086 1482 1132 non
1546 1073 1624 1133 ut
1685 1066 1956 1133 inanem
2019 1063 2482 1157 repudiemus,
2588 1066 2979 1159 Apparebit

688 1159 695 1170 ⁸
749 1182 975 1240 autem
1024 1166 1280 1257 aliquid
1322 1168 1392 1235 in
1443 1190 1527 1236 ea
1565 1190 1644 1236 re
1695 1166 2018 1236 momenti
2068 1190 2219 1238 esse
2269 1168 2360 1237 ad
2412 1169 2846 1240 formandum
2886 1170 2978 1241 de

745 1276 1055 1345 universa
1104 1270 1536 1363 inscriptione
1585 1271 1930 1343 iudicium.

948 1374 1093 1445 Sed
1152 1381 1229 1442 ut
1293 1374 1496 1442 etiam
1561 1375 1703 1444 sine
1763 1373 2054 1444 Hesselii
2123 1374 2390 1467 pictum
2448 1385 2637 1446 recte
2697 1376 2978 1446 iudicari

747 1481 980 1574 possit,
1031 1478 1129 1547 sic
1179 1478 1501 1569 scriptum
1545 1477 1859 1547 dabimus
1911 1479 2433 1571 inscriptionem,
2500 1479 2595 1548 uti
2647 1482 2737 1550 ab
2789 1481 2976 1550 Hes-

748 1585 913 1653 seiio
966 1590 1070 1652 est
1120 1580 1440 1668 exhibita,
1493 1582 1617 1651 nisi
1671 1581 1860 1672 quod
1911 1582 2087 1650 linea
2135 1581 2686 1675 perpendiculari
2746 1585 2976 1654 locum

746 1685 1189 1757 indicabimus
1241 1707 1437 1768 eum,
1501 1707 1643 1774 quo
1691 1686 1762 1753 in
1812 1685 2042 1776 lapide
2087 1686 2356 1777 sculpta
2413 1695 2517 1755 est
2557 1688 2788 1782 figura
2821 1711 2974 1757 mu-

748 1791 967 1874 lieris;
1018 1809 1196 1878 quae
1247 1798 1474 1858 autem
1525 1789 1597 1857 in
1648 1788 1968 1875 secundo,
2019 1790 2064 1859 i.
2112 1811 2174 1857 e.
2226 1788 2468 1857 dextro
2500 1790 2712 1860 latere
2751 1793 2976 1884 positu

748 1902 935 1978 sunt,
986 1892 1348 1983 separatim
1395 1912 1751 1984 ponemus,
1808 1900 2097 1982 utroque
2137 1892 2346 1961 latere
2383 1895 2677 1964 numeris
2718 1905 2973 1967 notato.

694 2079 709 2092 υ
745 2001 854 2067 Ac
890 2019 978 2066 ne
1030 1995 1220 2063 novis
1273 2006 1600 2088 typorum
1652 1996 1887 2064 formis
1938 2018 2113 2089 opus
2159 2005 2379 2088 esset,
2455 1997 2675 2067 solum
2724 2008 2974 2067 rotun-

748 2100 914 2170 dum
963 2104 1045 2173 Σ
1076 2119 1206 2189 per
1256 2098 1323 2169 G
1370 2100 1709 2192 expressi,
1779 2122 1910 2191 pro
1950 2099 2037 2172 ,12
2089 2099 2310 2167 littera
2360 2108 2586 2169 autem
2634 2102 2975 2171 inversum

748 2205 863 2287 In,
915 2224 1091 2292 quae
1142 2201 1369 2293 figura
1417 2203 1487 2271 in
1524 2202 1680 2295 ipso
1731 2201 1958 2295 lapide
2002 2202 2190 2295 apud
2228 2203 2618 2272 Hesselium
2665 2214 2792 2293 est,
2843 2228 2976 2298 po-

749 2308 888 2389 sui3
938 2315 1085 2374 tum
1127 2313 1356 2375 autem
1399 2329 1567 2397 quas
1621 2301 1875 2376 litteras
1918 2305 2263 2375 Hesselius
2312 2314 2390 2374 ut
2439 2306 2678 2378 dubius
2730 2310 2976 2379 lineola

746 2410 1044 2498 notavit,
1090 2407 1354 2479 minore
1405 2431 1701 2503 corpore
1749 2418 1831 2479 ut
1874 2406 2441 2504 distinguerentur
2493 2412 2740 2483 curavi.

1830 2530 1866 2601 1

1293 2649 2173 2729 AMWANAWPOGE

1288 2753 1446 2828 Ao
1487 2757 1660 2829 ME
1706 2757 2291 2831 TAXEIPIOI

1292 2858 1533 2930 THN
1581 2859 2266 2934 ΟΜΟΔΟΥΛΟΝ

1290 2959 1895 3036 ΠΑΡΘΕΝΟΝ

1178 3054 1233 3129 5
1281 3063 1476 3136 EIO
1515 3062 1895 3138 AIAHN
1935 3063 2088 3139 ΘΑ

1287 3169 1598 3240 ΠΤΟΝ
1634 3166 1945 3243 ΑΠΕΡ

1283 3270 1877 3361 ΧΟΜΕΝΑΝ,
1927 3270 2083 3345 AP

1294 3372 1555 3446 TJAE
1615 3374 1838 3447 ToN
1875 3374 2047 3449 AN
2189 3418 2197 3430 .

1286 3490 1922 3567 AWPEXOAC'
1961 3495 2173 3567 XEI

1141 3588 1240 3661 1⁰
1296 3594 1630 3669 OYCAI
1670 3595 2072 3670 ΑΠΟΔΗ

1289 3699 1543 3771 MON
1555 3719 1573 3737 ·
1625 3700 1995 3775 ΝΥΜΦΙ

1198 3810 1213 3826 “
1292 3802 1442 3874 ΟΝ
1474 3801 1636 3874 ΕΚ
1686 3800 2281 3875 ΙΙΕΛΑΓΟΥΟ

1287 3903 1649 3977 ΕῙΔΟΝ
1681 3904 2308 3980 ΕΠΕΡΧΟΜΕ

1290 4007 1548 4078 ΝΟΝ·
1601 4005 2168 4082 ΑΛΑΟΜΕΝ

1145 4099 1247 4174 15
1296 4108 1729 4183 ENFYC'E
1783 4113 2016 4185 TAH

1172 4232 1181 4249 =
1294 4212 1453 4283 xAI
1501 4210 2329 4290 CYHMENAIKAOE

1297 4370 1728 4447 ΙΙΙΔΑΚΡ
1735 4374 1992 4451 YCAI
2037 4369 2461 4452 TO'YAEI
2457 4380 2529 4450 Υ

1266 4475 1985 4569 ,MHdoNsssHos
2035 4497 2184 4554 rao

1291 4579 1738 4653 ΜΕΝΔΕΓσ
1783 4580 2152 4703 ΑΙΔΑΧ
