3259 5275
776 464 905 525 302
1182 459 1290 519 ns
1333 455 1912 519 arpensem:
1958 413 2617 520 nrssERTA'rm.

781 672 944 720 vero
996 672 1173 719 nunc
1225 671 1499 739 quoque
1515 698 1536 735 ‚
1605 649 1942 738 inquiunt,
2006 648 2061 716 si
2110 671 2481 741 numquam
2532 662 2773 743 erepta
2823 654 2988 723 fuit?

781 758 1050 846 Nempe
1090 754 1181 822 ob
1233 753 1304 820 id
1354 754 1600 844 ipsum.
1653 781 1658 786 ·
1707 751 1898 819 Idem
1949 763 2050 821 est
2094 754 2275 823 enim
2311 777 2394 822 ac
2449 755 2504 822 si
2555 756 2849 843 diceret,
2929 771 2992 826 et

779 859 1076 951 patrium
1140 879 1288 925 esse
1351 855 1424 924 id
1471 855 1849 948 Areopago
1868 902 1890 939 ‚
1968 878 2096 924 nee
2147 881 2327 927 nune
2379 858 2777 952 ademptum
2833 884 2994 949 esse,

781 984 991 1053 quum
1042 959 1406 1052 ademptae
1448 961 1576 1034 sint
1625 961 1906 1028 aliarum
1954 983 2182 1040 rerum
2232 962 2595 1031 multarum
2648 965 2993 1057 cognitio..

783 1089 922 1135 nes.
1025 1062 1211 1135 Nam
1246 1063 1413 1134 illud
1460 1063 1739 1153 quidem
1776 1073 2089 1154 apertum
2138 1055 2277 1154 est,
2328 1089 2464 1135 non
2513 1069 2816 1159 potuisse
2851 1069 2995 1160 Ly-

783 1171 953 1239 siam
993 1168 1160 1237 illud
1204 1167 1325 1239 καὶ
1382 1162 1507 1262 ἐφ’
1556 1164 1765 1260 ὑμῶν
1818 1162 2265 1243 ἀποδέδοται
2306 1170 2622 1262 adiicere,
2673 1172 2804 1239 nisi
2845 1171 2993 1240 ido-

780 1295 979 1341 neam
1023 1293 1328 1341 caussam
1363 1269 1685 1339 haberet.
1735 1269 2116 1341 referuntur
2165 1273 2343 1343 enim
2384 1273 2559 1342 haee
2595 1276 2808 1344 verba
2848 1299 2994 1344 ma—

780 1376 1024 1446 nifesto
1068 1375 1157 1443 ad
1202 1374 1691 1448 dubitationem
1733 1375 2029 1464 aliquam
2076 1376 2166 1445 de
2196 1378 2593 1446 auctoritate
2621 1379 2992 1472 Areopagi.

782 1481 1007 1567 Quam
1070 1488 1148 1547 ut
1201 1478 1334 1547 hac
1402 1477 1552 1570 ipsa
1613 1480 1683 1547 in
1748 1501 2015 1571 caussa,
2094 1503 2303 1571 quam
2373 1481 2713 1571 defendit,
2782 1484 2994 1551 maxi-

779 1607 962 1653 mam
1015 1606 1165 1652 esse
1216 1582 1560 1671 ostendat,
1631 1604 1771 1651 non
1823 1583 1978 1652 satis
2032 1583 2242 1653 habet
2302 1586 2598 1707 patrium
2645 1533 2720 1654 id
2772 1589 2994 1655 Areo-

778 1708 968 1782 pago
1009 1687 1334 1756 iudicium
1385 1685 1637 1774 dicere,
1689 1686 1810 1754 sed
1864 1686 2057 1756 addit
2085 1689 2308 1775 etiam,
2359 1712 2677 1768 mansisse
2725 1690 2792 1757 ei
2831 1714 2992 1782 pro-

780 1794 1028 1884 prium,
1081 1790 1385 1880 quamvis
1437 1789 1581 1858 aliis
1633 1791 1703 1857 in
1739 1793 1942 1860 rebus
1996 1792 2218 1861 attrita
2268 1793 2353 1861 sit
2398 1801 2603 1883 atque
2652 1793 2994 1862 imminuta

784 1896 923 1964 eius
986 1903 1308 1987 potestas.
1412 1892 1497 1962 ld
1552 1893 1607 1961 si
1675 1893 1807 1962 loci
1863 1894 2037 1964 illius
2097 1898 2271 1964 ratio
2334 1897 2635 1965 ornatius
2684 1896 2824 1965 diei
2870 1920 2994 1990 pa-

781 2008 1067 2088 teretur,
1126 1997 1368 2067 iisdem
1413 2006 1687 2090 poterat
1735 1999 1956 2066 verbis
2011 1999 2104 2067 uti
2120 2050 2140 2086 ‚
2210 1999 2455 2090 quibus
2493 2009 2597 2069 est
2642 2023 2801 2069 usus
2854 2000 2994 2069 De-

780 2101 1188 2174 mosthenes.
1275 2100 1420 2170 Sed
1470 2103 1561 2169 ne'
1609 2102 1758 2190 quis
1807 2102 2000 2170 nobis
2050 2113 2377 2196 opponat,
2429 2100 2554 2199 ἐφ’
2605 2100 2813 2197 ὑμῶν
2864 2127 2994 2173 non

783 2230 932 2276 esse
981 2227 1175 2275 nunc
1194 2257 1217 2295 ‚
1296 2203 1418 2273 sed
1483 2213 1741 2274 vestra
1806 2206 2197 2296 memoria,
2268 2229 2396 2276 nee
2439 2208 2658 2276 minus
2706 2207 2997 2276 absurde

782 2310 917 2378 dici
955 2304 1083 2404 ἐφ’
1135 2305 1340 2401 ύμοῖν
1394 2302 1885 2398 ἀποδέδοται,
1962 2333 2168 2399 quam
2221 2311 2278 2380 si
2328 2311 2476 2400 quis
2526 2311 2768 2380 Latine
2821 2311 2999 2380 dieat

781 2423 1037 2484 vestra
1088 2411 1449 2482 memoria
1500 2411 1883 2505 competit.-
1934 2414 2168 2505 paucis
2213 2437 2588 2483 momemus
2630 2414 2703 2483 id
2754 2415 2999 2484 falsum

782 2540 949 2587 esse.
1016 2516 1196 2583 Nam
1239 2537 1322 2583 ea
1356 2514 1681 2605 loquendi
1713 2516 1935 2585 forma
1964 2519 2336 2610 praesentis
2362 2519 2683 2611 temporis
2728 2541 2998 2589 onmem

779 2627 1289 2713 permanentem
1341 2627 1590 2695 statum
1628 2629 1837 2708 notat,
1896 2645 2025 2690 nec
2076 2631 2336 2692 tantum
2387 2622 2477 2691 ad
2530 2644 2635 2713 ea,
2702 2646 2885 2714 quae
2932 2623 2998 2691 in

781 2746 867 2793 eo
919 2724 1137 2815 spatio
1186 2724 1323 2790 iam
1383 2724 1912 2815 praeterierunt,
1984 2725 2106 2794 sed
2152 2728 2355 2796 etiam
2419 2726 2510 2796 ad
2560 2749 2740 2795 nune
2789 2751 2994 2819 prae-

784 2828 999 2897 seutia
1054 2835 1259 2917 atque
1328 2827 1504 2895 adeo
1567 2826 1659 2895 ad
1721 2828 1947 2897 futura
1994 2830 2302 2899 refertur.
2405 2832 2651 2921 Neque
2712 2830 2787 2899 id
2856 2832 2998 2900 eui-

781 2955 986 3022 quam
1037 2931 1347 3024 ignotum
1400 2954 1549 3000 esse
1600 2931 1829 3001 credo.
1894 2930 2065 3002 ldeo
2115 2951 2203 3003 ne
2256 2933 2803 3003 dissimulandum
2856 2936 2996 3025 qui·

781 3035 944 3104 dem
996 3042 1131 3121 est,
1213 3034 1333 3103 ubi
1382 3056 1518 3103 non
1569 3058 1609 3102 e
1665 3057 1743 3103 re
1791 3026 1910 3104 tua
1959 3037 2063 3110 sit.
2151 3037 2556 3130 *Xenophon
2612 3038 2702 3106 de
2751 3040 2993 3131 veetig.

781 3136 871 3224 6,
928 3137 994 3209 l.
1065 3136 1211 3216 πῶς
1264 3134 1395 3211 ούιι
1463 3135 1668 3221 ἄξιον
1721 3137 1812 3220 οἷς
1862 3136 2175 3231 τάχιστα
2230 3135 2527 3223 τούτοις
2576 3145 2995 3237 ἐπιχειρεῖν..

783 3249 905 3316 ἵνα
958 3242 1070 3316 ἔτι
1124 3237 1250 3334 ἐφ’
1292 3237 1499 3339 ἡμῶν
1541 3238 1899 3335 ἑπίδωμειν
1951 3237 2086 3339 τήν
2127 3238 2342 3318 πόλιν
2373 3239 2549 3337 μετ’
2602 3241 2996 3339 ἀσφαλείας

784 3342 1392 3436 εὐδαιμονοῦσαν.
1494 3344 1989 3415 Demosthenes
2041 3349 2107 3415 in
2157 3350 2313 3441 ipso
2361 3348 2496 3416 fine
2542 3348 2858 3417 orationis
2911 3346 2995 3415 ad

778 3450 1264 3518 Pantaenetum
1332 3470 1402 3540 p.
1465 3445 1643 3523 984.
1699 3445 1788 3522 ού
1840 3476 1982 3544 γαρ
2037 3454 2106 3524 εἰ
2150 3478 2254 3549 μη
2308 3451 2457 3524 ’τοῖν
2511 3449 2807 3525 δικαίων
2862 3445 2994 3546 ἐγω

780 3548 964 3650 παρ’
1015 3547 1222 3643 ύμων
1273 3547 1668 3644 τεύξομαι,
1754 3549 1971 3626 τοῦτ’
2043 3554 2200 3629 ἐστὶ
2260 3548 2746 3645 δεινότατον,
2833 3549 2991 3627 ἀλλ

783 3658 854 3729 εἰ
898 3654 1204 3752 πρᾶγμα
1274 3652 1556 3728 δίκαιον
1609 3652 2016 3751 ὡρισμένον
2073 3663 2149 3732 ἐκ
2215 3683 2489 3739 nanee
2537 3658 2679 3731 τοῦ
2727 3653 2989 3755 χρόνον

780 3757 939 3831 νυνι
987 3749 1433 3832 καταλύσετε
1493 3754 1618 3854 ἐφ’
1670 3756 1897 3856 ημῶν.

1701 4140 2116 4152 ———--———-.
