3259 5275
1025 498 1200 566 LIB.
1249 500 1355 564 111.
1446 501 1635 566 cAP.
1680 507 1741 570 7
1782 509 2512 580 8-167

288 690 617 762 editorum
644 689 931 761 adhaec
967 690 1175 760 verba
1202 689 1603 761 offendisse:
1654 689 1738 766 εὖ
1768 720 1909 788 γαρ
1942 696 2117 775 ἴστε.
2173 726 2228 771 ω
2259 701 2506 825 Ἀθη-

285 801 507 885 ναῖοι,
565 792 688 870 ὅτι
727 791 788 890 ᾦ
818 800 1160 868 πλεῖστον
1194 796 1589 915 διαφέρετε
1628 823 1777 870 των
1824 796 2059 872 ἄλλων
2096 795 2509 921 α’νθρωπων

285 900 389 995 τῷ
436 892 619 995 πρός
672 925 756 971 τε
800 891 973 979 τούς
1024 890 1246 978 &conc
1300 895 1623 991 εὐσεβεῖν
1663 900 1785 972 καὶ
1839 895 2018 997 πρός
2063 927 2236 984 τους
2278 914 2511 999 γονεῖς

285 999 491 1081 ὁσίως
539 1000 660 1072 καὶ
713 994 896 1097 πρός
939 993 1075 1097 τήν
1089 1000 1435 1126 πατρίδα
1489 1001 1889 1095 φιλοτίμως
1936 1005 2164 1094 ἔχειν,
2234 1003 2537 1084 τούτου·

284 1108 622 1177 πλεῖστον
676 1099 972 1196 ἀμελεῖν
1020 1096 1304 1186 δόξοιτ’
1344 1132 1478 1191 αν,
1533 1107 1600 1176 εἰ
1647 1132 1781 1195 την
1823 1132 1972 1203 παρ
2051 1105 2254 1202 ὖμων
2295 1107 2512 1195 οὗτος

284 1200 627 1302 διαφύγοι
664 1204 1046 1303 τιμωρίαν.
1152 1204 1235 1275 ld
1263 1206 1695 1277 scribendum
1734 1218 1903 1302 puto
1941 1204 2226 1294 δόξαιτ’
2256 1241 2365 1285 αν.

1307 1549 1486 1618 vm

457 1736 595 1808 De
658 1734 1088 1831 optativo
1143 1755 1337 1804 cum
1389 1734 1497 1809 ἂν
1537 1758 1716 1831 pro
1757 1742 2313 1833 praeterito.

478 1925 636 1995 Alia
679 1948 844 1995 vero
891 1924 960 1993 in
1000 1932 1386 2016 temporum
1426 1926 1689 1995 ratione
1731 1924 2058 1997 dubitatio
2094 1952 2242 1998 sese
2280 1929 2503 2020 offert,

276 2029 329 2098 si
368 2029 461 2099 de
495 2028 959 2122 praesentibus
1003 2036 1072 2096 et
1110 2028 1488 2119 praeteritis
1531 2030 1890 2119 quaeritur.
1995 2032 2174 2100 Nam
2213 2034 2338 2102 etsi
2376 2061 2504 2108 m-

271 2127 571 2230 ποιήκοι
612 2131 704 2205 ἄν
735 2142 969 2224 aperte
1000 2132 1342 2224 praeteriti
1375 2133 1700 2223 temporis
1743 2133 2152 2202 notationem
2191 2138 2504 2224 continet,

270 2245 499 2306 tamen
542 2235 681 2306 hoc
723 2257 1000 2326 quoque
1038 2256 1176 2303 non
1220 2235 1432 2303 minus
1461 2234 1552 2302 ad
1586 2235 1884 2304 futurum
1915 2235 2092 2305 trahi
2114 2246 2343 2330 potest
2359 2291 2379 2326 ‚
2430 2253 2508 2310 ut

269 2339 531 2409 factum
558 2338 723 2430 quid
763 2339 910 2407 fore
947 2338 1392 2431 significetur,
1444 2361 1650 2428 quam
1678 2345 1885 2413 ποιοῖ
1909 2338 2005 2415 ἄν
2037 2349 2108 2409 et
2133 2335 2504 2439 ποιήσειεν

269 2441 381 2517 ἄν.
486 2442 584 2511 Et
617 2451 841 2511 tamen
868 2442 994 2510 ista
1026 2441 1248 2509 omnia
1286 2440 1485 2510 etiam
1514 2464 1654 2510 non
1684 2442 1893 2511 modo
1922 2446 2330 2534 praesentis,
2381 2445 2506 2516 sed

268 2545 447 2616 adeo
477 2545 824 2638 praeteriti
857 2545 1415 2638 significationem
1441 2544 1714 2613 habent.
1819 2546 2035 2615 Huius
2077 2549 2175 2616 rei
2203 2549 2374 2617 ratio
2409 2550 2504 2617 sic

267 2660 372 2719 est
394 2651 624 2719 animo
648 2647 1096 2722 informanda.
1177 2648 1418 2718 Manet
1458 2671 1581 2718 sua
1613 2650 1856 2740 cuique
1886 2652 2180 2743 tempori
2210 2654 2331 2721 vis.
2411 2654 2506 2721 Et

268 2755 555 2823 aoristus
586 2753 861 2844 quidem
892 2752 1234 2846 praeteriti
1267 2776 1476 2842 quum
1507 2753 1786 2845 proprie
1817 2753 1887 2821 id
1920 2753 2107 2844 quod
2143 2756 2501 2847 aliquando

267 2858 529 2926 factum
561 2858 645 2925 sit
678 2857 1037 2949 significet,
1087 2856 1481 2924 transfertur
1515 2855 1605 2924 ad
1637 2880 1720 2925 ea
1760 2858 2006 2944 omnia,
2060 2882 2234 2949 quae
2265 2869 2341 2927 ut
2367 2860 2499 2928 iam

265 2961 579 3055 perfecta
619 2960 902 3053 cogitari
939 2959 1280 3044 volumuS‚
1335 2959 1474 3028 sive
1507 2983 1586 3028 ea
1616 2970 1767 3028 ante
1796 2961 2106 3052 perfecta
2142 2963 2307 3052 sint,
2359 2963 2500 3031 sive

265 3088 480 3150 nunc,
535 3063 675 3133 sive
713 3073 997 3155 postero
1043 3071 1355 3155 tempore
1373 3111 1394 3147 ‚
1445 3064 1539 3131 ita
1585 3072 1814 3131 tamen
1832 3111 1853 3148 ‚
1907 3071 1984 3130 ut
2031 3087 2243 3154 quum
2292 3064 2380 3132 de
2422 3088 2498 3134 re

266 3175 630 3261 praesente
688 3168 798 3235 vel
843 3168 1070 3235 futura
1119 3166 1393 3251 dicitur,
1446 3166 1925 3258 cogitationem
1965 3175 2223 3235 tantum
2262 3167 2497 3260 perfe-

270 3273 506 3340 ctionis
546 3270 906 3358 contineat,
955 3268 1252 3360 ideoque
1286 3270 1398 3337 νε]
1433 3270 1603 3361 ipse,
1657 3279 1731 3338 ut
1754 3270 1822 3336 in
1857 3270 2256 3361 imperativo
2285 3272 2394 3340 vel
2428 3273 2495 3340 in

267 3376 575 3468 optativo
610 3395 767 3441 cum
798 3371 892 3445 ἄν
904 3427 932 3462 ,
988 3372 1470 3493 cogitationem
1501 3371 1772 3456 indicet,
1816 3373 1924 3440 vel
1958 3396 2042 3440 ex
2073 3372 2287 3442 verbo
2318 3397 2494 3466 pen-

268 3478 429 3548 deat
459 3499 601 3568 quo
630 3476 798 3566 quid
828 3475 1107 3568 cogitari
1143 3475 1574 3569 significetur.
1683 3476 2022 3560 Quoniam
2050 3485 2277 3544 autem
2319 3500 2495 3568 quae

267 3582 402 3650 iam
431 3580 746 3675 perfecta
788 3603 935 3649 esse
977 3580 1391 3672 cogitantur,
1443 3601 1658 3647 vacua
1690 3588 1842 3647 sunt
1888 3578 2160 3649 notione
2199 3579 2495 3652 durantis

268 3685 452 3773 facti,
499 3707 916 3774 consequens
945 3693 1209 3752 estnon
1231 3705 1435 3775 posse
1465 3683 1772 3775 usurpari
1798 3684 2137 3768 aoristum‚
2190 3685 2307 3754 ubi
2330 3684 2496 3775 quid

269 3798 342 3857 ut
382 3787 687 3857 nondum
720 3786 810 3855 ad
854 3787 1063 3856 finem
1098 3786 1545 3879 perductum,
1600 3785 1893 3876 ideoque
1936 3786 2047 3854 νε]
2091 3784 2339 3856 durans
2364 3787 2493 3856 ad-

267 3891 442 3979 huc,
494 3892 604 3959 νε]
633 3913 719 3959 ex
760 3889 1063 3960 eiusdem
1108 3890 1385 3958 actionis
1421 3887 1726 3958 nondum
1758 3888 2065 3958 absoluta
2095 3891 2493 3983 repetitione

272 4003 581 4064 constans
628 3995 916 4086 cogitari
950 3995 1257 4063 volumus
1275 4043 1296 4080 ‚
1348 3993 1470 4062 sed
1499 3992 1589 4061 ad
1617 4016 1700 4062 ea
1733 3993 2074 4084 pertinere
2091 4044 2111 4083 ,
2164 4017 2340 4083 quae
2383 3996 2492 4065 νε]

272 4097 461 4168 brevi
487 4108 831 4167 momento
862 4098 1188 4190 temporis
1220 4097 1329 4167 νε]
1373 4097 1581 4165 semel
1623 4096 1803 4165 facta
1838 4096 2285 4189 intelligimus,
2388 4098 2493 4168 lta

275 4209 499 4293 patet,
550 4224 824 4270 manere
857 4202 1204 4294 propriam
1246 4199 1471 4269 aoristi
1511 4201 1647 4268 vim
1676 4200 1745 4268 in
1794 4200 1975 4268 omni
2019 4200 2160 4269 eius
2186 4223 2310 4269 usu
2327 4253 2348 4290 ‚
2401 4201 2488 4270 li-

278 4313 383 4373 cet
430 4304 653 4397 prima
705 4306 935 4397 specie
979 4304 1443 4374 diversissimo.
1561 4303 1740 4372 Hinc
1783 4303 1939 4371 illae
1984 4304 2486 4374 observationes

281 4409 866 4500 grammaticorum
898 4409 1308 4478 verissimae:
1359 4405 1707 4500 Apollonii
1743 4405 1833 4474 de
1870 4407 2151 4497 Syntaxi
2196 4406 2312 4479 111.
2358 4406 2481 4480 24.

277 4534 346 4603 p.
383 4507 559 4581 251.
621 4509 831 4602 (253.
870 4512 1131 4606 Bekk.)
1174 4509 1215 4583 ὁ
1246 4504 1384 4609 γοῖρ
1420 4502 2010 4605 ἀποφαινόμενος
2039 4505 2251 4594 οὕτω,
2303 4505 2484 4606 γρά-
