3259 5275
1021 534 1095 593 L!
1118 535 1184 596 B.
1231 535 1279 598 Ι.
1371 538 1566 605 CAP.
1616 541 1720 604 lo.
2391 552 2476 613 51

257 718 634 793 Facerem.
738 719 952 814 Apud
995 721 1425 796 Herodotum
1471 728 1526 802 1.
1574 726 1700 802 42.
1769 727 2129 820 Adrastus,
2198 759 2333 806 non
2384 739 2472 806 li-

254 824 489 892 benter
525 847 601 892 se
644 825 827 918 reg-is
862 825 1042 895 iussa
1086 828 1315 900 facere
1364 833 1656 901 ostendit
1696 832 1801 901 his
1844 834 2100 905 verbis.
2157 866 2210 910 ω
2242 846 2469 933 βασι-

249 926 410 1016 tesi,
484 925 714 1008 ἄλλως
746 928 884 1020 μὲν
931 930 1148 1024 ἔγωγε
1205 932 1297 1006 ἄν
1342 930 1473 1008 ου’νι
1519 934 1644 1033 ἤϊα
1695 941 1763 1016 ἐς
1805 934 2082 1013 ἄεθλον
2139 936 2465 1017 τοιόνδε·

251 1027 421 1101 οὔτε
437 1023 581 1126 γοῖρ
602 1057 942 1156 συμφορῃ
915 1032 1212 1130 ’τοιῇδε
1244 1042 1683 1160 κεχρημένον
1712 1032 1897 1120 εἰκός
1923 1040 2072 1114 ἐστι
2106 1048 2176 1123 ἐς
2199 1039 2469 1141 ὁμήλι-

246 1158 365 1212 κας
392 1128 481 1205 εὖ
508 1128 964 1231 πρήσσοντας
994 1138 1210 1228 ἰέναι,
1262 1137 1437 1214 οὔτε
1466 1168 1556 1214 το
1586 1134 1996 1233 βουλεσθαι
2021 1138 2246 1241 πάρα,
2291 1154 2470 1221 πολ-

247 1236 429 1331 λαχῇ
467 1262 554 1308 τε
611 1265 704 1309 αν
757 1239 959 1329 ἴσχον
1003 1235 1350 1332 ἐμαυτόν.
1451 1242 1642 1315 Male
1684 1255 1754 1314 et
1791 1255 2025 1314 contra
2077 1253 2469 1319 sententiam

246 1338 370 1405 loci
411 1340 809 1410 novissimus
851 1341 1070 1410 editor
1123 1372 1238 1416 ave
1247 1372 1421 1436 σχον
1475 1347 1686 1416 dedit.
1788 1348 2206 1440 Imperfecto
2263 1356 2472 1423 utitur*

244 1451 535 1533 propter
569 1443 739 1512 illud
782 1446 1136 1541 πολλαχῇι
1188 1459 1376 1538 ante,
1429 1451 1546 1519 ubi
1582 1439 1793 1520 semel
1844 1453 2251 1544 capiendum
2299 1481 2467 1526 con-

243 1544 461 1613 silium
508 1545 577 1613 in
623 1557 847 1616 mente
889 1548 1130 1636 habet,
1196 1550 1322 1645 ἤϊα
1360 1555 1620 1646 posuit.
1671 1554 1976 1625 nondum
2026 1559 2236 1646 enim,
2312 1584 2468 1629 mea

244 1650 606 1735 sententia,
666 1651 826 1719 vicit
851 1651 1297 1724 Buttmannus
1317 1707 1338 1744 ,
1392 1654 1517 1754 ἤϊα
1548 1658 1930 1751 imperfecti
1961 1660 2250 1731 formam
2277 1687 2465 1734 esse.

241 1752 729 1846 Aristophanes
757 1757 887 1828 Av.
920 1753 1095 1829 786.

327 1901 589 1998 αὐτίχ’
649 1904 854 2000 υμοῖν
903 1936 1052 1982 των
1105 1910 1398 1983 θεατων
1449 1913 1526 1985 εἴ
1567 1939 1679 1993 τις
1729 1940 1824 2010 ην
1875 1894 2322 2015 ὑπόπτερος,

328 2004 507 2082 εἶτα
557 2009 824 2085 πεινῶν
849 2016 1061 2140 ’,τοῖς
1090 2015 1377 2107 χοροῖσι
1428 2015 1576 2086 τῶν
1629 2016 2021 2108 τραγῳδῶν
2073 2017 2375 2115 ἤχθετο,

323 2105 778 2205 ἐκπτόμενος
826 2143 920 2187 αν
973 2110 1184 2196 οὗτος
1233 2113 1617 2213 ἠρίστησεν
1668 2111 1907 2191 ἑλθων
1958 2121 2239 2210 οἴκαδε,

1087 2214 1525 2244 22222

236 2366 372 2439 Sed
409 2368 602 2462 quod
627 2370 851 2439 statim
881 2372 1216 2462 sequitur,

324 2522 410 2596 εἴ
444 2549 531 2596 τε
537 2520 1126 2653 Πατροκλείδης
1172 2549 1285 2605 τις
1335 2519 1539 2615 ὑμων
1590 2519 1935 2616 τυγχάνει
1987 2529 2356 2626 χεζητιῶν,

326 2620 464 2699 οὐκ
516 2654 611 2701 αν
661 2624 965 2710 ἐξίδισεν
1017 2629 1115 2710 εἰς
1164 2619 1614 2722 θοιμάτιον,
1667 2623 1834 2704 ἀλλ’
1886 2624 2241 2707 ἀνέπτετο
2265 2683 2288 2725 ,

233 2779 456 2849 nescio
488 2802 577 2849 an
616 2779 873 2850 dictum
919 2781 1003 2851 sit
1025 2803 1189 2851 vere
1229 2779 1342 2857 de
1361 2804 1438 2850 re
1482 2783 1851 2876 praeterita
1865 2833 1888 2871 ,
1941 2806 2154 2874 quum
2199 2785 2457 2855 factum

235 2882 390 2972 quid
419 2883 809 2953 huiusmodi
838 2908 987 2954 esse
1014 2908 1058 2953 a
1085 2884 1473 2954 Patroclide
1506 2885 1858 2978 significet.

426 2988 542 3056 De
572 2987 808 3058 futuris
840 2990 996 3058 satis
1028 2996 1289 3058 constat
1329 2989 1629 3080 ἔμελλον
1661 2997 1731 3056 et
1760 2989 2113 3083 ἐμέλλησα
2147 2990 2455 3083 usurpari

238 3110 314 3158 eo
338 3090 531 3181 qnod
559 3092 709 3184 ipsa
733 3091 928 3160 huius
955 3093 1145 3160 verbi
1164 3101 1478 3183 tempora
1505 3090 1801 3159 indicant
1836 3091 2236 3166 discrimine.
2309 3093 2454 3163 Sed

243 3202 329 3260 est
375 3194 584 3263 etiam
615 3196 734 3263 ubi
773 3196 916 3264 sine
961 3195 1161 3267 huius
1203 3195 1393 3264 verbi
1426 3195 1810 3263 accessione
1843 3194 2144 3264 futurum
2183 3206 2452 3288 tempus

241 3297 641 3391 respiciatur,
684 3299 777 3366 ita
813 3308 1060 3386 tamen,
1112 3308 1206 3385 ut,
1247 3307 1431 3367 recte
1472 3298 1808 3391 explicata
1834 3298 2177 3384 sententia,
2215 3322 2324 3367 res
2363 3299 2454 3367 ad

242 3419 543 3490 praesens
567 3402 676 3470 vel
704 3401 794 3471 ad
821 3402 1265 3495 praeteritum
1294 3401 1552 3473 redeat.
1600 3402 1702 3469 vt
1737 3400 1925 3491 apud
1960 3401 2452 3493 Antiphontem

240 3523 305 3593 p.
339 3503 511 3578 778.
560 3501 915 3581 οὐδέποτε
945 3503 1309 3629 ἠθέλησαν
1339 3509 1583 3579 ἐλθεῖν
1612 3503 1729 3577 επὶ
1761 3505 1986 3576 τοῦτο
2021 3498 2113 3578 τό
2142 3503 2448 3594 δίκαιον,

244 3601 315 3677 εὖ
338 3602 685 3689 sidcis-sc*
638 3635 760 3689 οτι
801 3604 930 3681 οὐκ
966 3608 1057 3681 oh·
1091 3601 1384 3689 τούτοις
1412 3602 1583 3696 κατ’
1608 3606 1798 3699 ἐμοῦ
1826 3607 2105 3700 ἔλεγχος
2130 3606 2450 3727 ἐγίγνετο

243 3704 471 3792 οὗτος,
527 3705 699 3785 οἱλλ
730 3709 893 3803 εμοὶ
929 3704 1121 3783 navo?
1161 3704 1488 3799 τούτων,
1542 3707 1665 3782 ὅτι
1709 3705 1919 3782 οὐδὲν
1956 3708 2238 3783 δίκαιον
2283 3708 2450 3784 ουδ

241 3805 555 3909 οἷληθές’
509 3814 847 3909 ῃτιῶντο.
914 3815 1238 3883 Potuerat
1267 3812 1517 3900 dicere,
1571 3839 1653 3885 ευ
1628 3806 1952 3893 εἰδότες
1983 3809 2111 3885 οὐκ
2142 3841 2234 3886 αν
2264 3807 2450 3885 τού-

238 3938 383 3994 τοις
409 3909 845 4012 γενήσεσθαι
877 3918 1187 4008 ἔλεγχον.
1290 3918 1492 3984 Nunc
1523 3914 2102 4007 quemadmodum
2130 3917 2449 4006 loquutus

240 4025 366 4105 est,
412 4018 545 4087 hoc
579 4018 771 4088 dicit:
822 4022 1210 4089 noluerunt
1237 4042 1330 4089 ea
1370 4020 1496 4089 via
1531 4018 1679 4105 uti,
1735 4019 1953 4110 quia,
2007 4019 2074 4088 εἰ
2101 4019 2186 4087 id
2205 4017 2449 4112 secis-

240 4129 420 4208 sent,
462 4144 605 4192 non
635 4123 815 4191 mihi
845 4146 976 4213 ea,
1029 4125 1164 4194 sed
1196 4123 1379 4217 ipsis
1408 4121 1796 4191 nocuisset.

427 4224 570 4294 Sed
608 4226 681 4294 in
720 4225 826 4295 his
867 4228 1176 4296 omnibus
1223 4249 1432 4317 quum
1460 4226 1626 4295 nihil
1668 4224 2078 4293 difficultatis
2111 4224 2230 4311 sit,
2284 4223 2446 4291 alias

238 4325 445 4413 potius
473 4328 797 4420 loquendi
826 4330 1149 4399 formulas
1182 4329 1706 4401 consideremus,
1782 4330 1889 4397 Ac
1916 4328 2139 4420 primo
2170 4326 2447 4416 quidem

241 4432 575 4501 sententias
591 4482 612 4519 ,
679 4455 855 4524 quae
916 4432 1010 4507 ἄν
1055 4434 1440 4528 pronomini
1487 4431 1770 4502 relativo
1821 4431 2120 4499 iunctum
2163 4429 2442 4500 habent.

240 4529 553 4623 Apertum
599 4546 702 4606 est
747 4545 974 4608 autem
992 4588 1015 4627 ,
1074 4540 1129 4608 si
1171 4559 1311 4628 qua
1360 4535 1720 4621 sententia,
1788 4556 1965 4623 quae
2016 4536 2168 4626 ipsa
2203 4554 2331 4624 per
2373 4554 2448 4600 se

1870 4652 2034 4721 Dz
