3259 5275
852 504 1799 574 ulssERTATIO.
2314 510 2444 574 m

240 698 561 791 exemplo.
663 694 769 763 lbi
808 717 960 787 cap.
1007 691 1130 768 50.
1173 717 1315 786 seq.
1385 695 1682 767 Demeas
1724 705 1986 784 orator,
2039 696 2438 788 simulatque

239 804 609 872 thesaurum
664 822 708 866 a
756 798 1050 867 Timone
1102 807 1450 891 repertum
1493 800 1782 892 audivit,
1835 799 2187 870 decretum
2231 801 2321 869 ab
2365 825 2438 870 se

238 908 546 998 scriptum
586 903 860 987 recitat,
929 924 1015 970 ex
1067 925 1206 993 quo
1264 903 1378 971 ille
1420 926 1635 994 quum
1686 915 1970 996 propter
2012 904 2144 972 alia
2182 913 2437 973 temere

238 1012 388 1079 ficta
429 1008 705 1094 merita,
771 1015 915 1074 tum
962 1015 1250 1099 propter
1276 1001 1621 1099 'plurimas
1668 1009 1976 1077 victorias
2015 1004 2441 1099 Olympicas,

239 1135 398 1204 quos
443 1111 642 1180 ludos
675 1133 762 1178 ne
805 1119 1229 1202 spectaverat
1266 1110 1542 1201 quidem
1577 1134 1902 1201 umquam
1916 1161 1936 1195 ‚
1989 1134 2196 1179 aurea
2224 1122 2442 1180 statua

239 1218 315 1285 sit
351 1212 827 1296 honorandus;
877 1235 1039 1282 mox
1077 1222 1305 1283 autem
1343 1237 1703 1306 percussus
1747 1238 1789 1282 a
1833 1215 2159 1302 Timone,
2213 1237 2440 1284 arcem

239 1321 317 1387 ab
354 1342 436 1388 eo
480 1319 857 1405 incensam,
911 1339 1287 1408 aurumque
1329 1320 1628 1388 ablatum
1659 1319 2099 1388 vociferatur:
2145 1328 2219 1387 et
2264 1341 2441 1408 quae

239 1423 357 1490 alia
410 1419 799 1490 huiusmodi
856 1421 1256 1490 facetissime
1313 1422 1407 1490 ibi
1463 1421 1800 1491 dicentem
1860 1423 2021 1492 fecit
2076 1423 2435 1492 LucianuS.

240 1528 399 1595 Sunt
455 1525 590 1595 hae
645 1523 1077 1616 hyperbolae
1094 1577 1116 1614 ‚
1186 1525 1376 1616 quod
1433 1536 1501 1596 et
1556 1525 1880 1595 laudandi
1924 1535 1994 1595 et
2048 1525 2440 1594 criminandi

240 1652 460 1698 caussa
489 1652 576 1699 ea
608 1628 941 1717 dicuntur,
994 1651 1173 1720 quae
1191 1629 1404 1719 quivis
1435 1630 1658 1699 videat
1693 1630 1847 1723 plus
1874 1651 2035 1698 vero
2063 1629 2440 1697 continere:

239 1733 541 1802 ridiculae
580 1740 806 1800 autem
836 1744 991 1801 sunt
1023 1756 1132 1822 eo,
1185 1734 1364 1822 quia,
1418 1757 1625 1825 quum
1656 1734 1872 1827 gratia
1909 1733 2244 1802 conciliari
2273 1755 2441 1825 pos-
2481 1787 2488 1794 .

240 1838 313 1905 sit
334 1833 726 1906 extollendis
752 1858 931 1925 quae
958 1838 1110 1927 quis
1138 1837 1398 1922 fecerit,
1450 1835 1822 1907 absurdum
1856 1846 1958 1906 est
1983 1857 2134 1905 eam
2163 1847 2442 1927 captare

240 1939 701 2032 praedicandis
746 1939 863 2027 iis,
928 1963 1105 2030 quae
1156 1943 1345 2031 quis
1354 1964 1491 2009 non
1534 1941 1803 2027 fecerit,
1869 1963 1951 2010 ac
2001 1964 2086 2009 ne
2143 1940 2445 2033 potuerit

240 2043 498 2133 quidem
541 2043 806 2113 facere·
878 2044 1257 2135 eademque
1299 2045 1501 2113 etiam
1539 2046 2069 2113 criminationum
2107 2045 2277 2113 ratio
2322 2052 2442 2112 est.

239 2147 625 2241 intelligitur
657 2170 744 2215 ex
780 2148 897 2215 tali
934 2148 1251 2241 exemplo
1266 2198 1289 2237 ‚
1339 2171 1477 2238 qua
1518 2148 1901 2217 conditione
1933 2147 2200 2217 mentiri
2230 2146 2445 2239 possit

240 2248 635 2342 hyperbole.
701 2250 936 2320 Potest
959 2261 1128 2340 tum,
1182 2275 1392 2342 quum
1418 2275 1556 2322 non
1586 2251 2004 2345 persuadere
2035 2250 2222 2341 quod
2249 2272 2445 2318 men-

242 2354 418 2442 titur,
470 2353 593 2424 sed
617 2365 907 2445 propter
943 2355 1425 2424 absurditatem
1452 2355 1659 2426 rideri
1687 2355 1846 2427 vult.
1951 2354 2036 2424 ld
2067 2364 2203 2441 est,
2255 2353 2446 2444 quod

243 2457 412 2526 initio
455 2458 849 2528 dicebamus
862 2506 883 2543 ‚
935 2460 1530 2552 exaggerationem
1544 2509 1566 2546 ‚
1618 2460 1779 2551 qnia
1814 2458 2000 2527 credi
2048 2458 2447 2552 postularet,

244 2583 366 2630 non
393 2585 537 2631 esse
569 2561 1026 2655 hyperbolen.
1134 2563 1367 2648 Quare
1399 2565 1522 2633 etsi
1536 2615 1556 2652 ,
1610 2565 1728 2654 qui
1766 2562 2125 2632 adulantur
2161 2563 2273 2630 vel
2313 2561 2447 2632 ob-

244 2674 512 2735 trectant
529 2719 551 2757 ‚
610 2668 1194 2759 “ansgredinntur
1233 2668 1403 2737 fines
1445 2669 1588 2737 veri
1605 2720 1627 2757 ‚
1672 2692 1755 2737 ac
1804 2690 2015 2760 saepe
2046 2689 2236 2736 mera
2276 2688 2449 2759 pro-

245 2767 451 2838 ferunt
490 2769 879 2855 mendacia,
946 2780 1175 2840 tamen
1225 2773 1384 2862 quia
1421 2771 1638 2841 videri
1680 2768 1867 2841 vera'
1883 2771 2149 2858 dicere,
2213 2770 2267 2841 si
2312 2790 2449 2841 non

245 2874 566 2963 omnibus,
630 2884 705 2942 at
759 2874 1162 2964 quibusdam
1207 2878 1475 2964 volunt,
1543 2886 1612 2945 et
1658 2877 1725 2944 in
1767 2874 2112 2945 adulando
2168 2872 2449 2964 quidem

244 2976 676 3068 plerumque
657 2978 737 3047 ris
778 2998 952 3068 quos
984 2979 1337 3048 adulantur
1379 2980 1567 3073 ipsis,
1614 2981 1684 3048 in
1722 2972 2168 3049 obtrectando
2200 2984 2429 3047 autem
2448 2973 2548 3045 l?

245 3079 407 3166 aliis,
448 3104 589 3150 non
614 3090 892 3150 utuntur
926 3081 1352 3176 hyperbole,
1406 3081 1529 3152 sed
1562 3082 2090 3176 exaggeratione
2132 3080 2242 3151 vel
2271 3089 2449 3149 atte-

246 3185 580 3256 nuatione:
632 3186 703 3253 in
743 3207 881 3276 qua
910 3187 968 3254 si
999 3188 1440 3271 mentiuntur,
1485 3188 1661 3255 sicut
1700 3208 1934 3256 omnes
1962 3185 2080 3276 qui
2110 3184 2447 3253 mentiun-

98 3338 109 3363 ,
247 3295 367 3372 tur,
415 3289 756 3358 latiturum
790 3312 938 3359 esse
964 3290 1391 3359 mendacium
1421 3299 1718 3382 sperant.
1799 3292 1978 3360 Nam
2015 3296 2251 3382 aperte
2278 3287 2452 3355 falsa

248 3388 459 3461 dicere
502 3414 644 3462 non
688 3401 791 3461 est
829 3395 1128 3484 mentiri,
1204 3394 1327 3465 sed
1367 3403 1483 3464 aut
1520 3393 1761 3463 ludere
1776 3443 1798 3481 ,
1851 3402 1969 3463 aut
2012 3414 2240 3462 errare
2259 3441 2277 3471 ,
2332 3397 2451 3458 aut

248 3514 370 3563 non
395 3520 599 3567 sanae
627 3499 869 3567 mentis
898 3521 1066 3568 esse.

437 3650 753 3721 Revocat
785 3651 923 3721 hoc
959 3651 1125 3723 mihi
1155 3652 1225 3721 in
1253 3659 1550 3720 mentem
1578 3673 1699 3739 ea,
1751 3671 1930 3740 quae
1958 3669 2179 3740 nuper
2216 3645 2305 3715 de
2344 3646 2452 3715 iu-

249 3748 422 3821 diciis
460 3756 881 3847 capitalibus,
914 3779 1090 3847 quae
1115 3756 1498 3848 Areopago
1523 3754 1878 3848 Ephialtes
1920 3750 2261 3844 eripuerit,
2315 3748 2455 3818 dis-

247 3863 469 3945 putata
509 3868 679 3927 sunt.
772 3861 999 3929 Recto
1046 3861 1116 3929 in
1149 3884 1232 3928 ea
1259 3883 1335 3928 re
1369 3868 1572 3950 atque
1597 3859 1988 3949 incorrupto
2015 3854 2455 3923 iudicio-usus

251 3968 346 4025 est
377 3960 557 4029 Petr.
607 3962 784 4032 Guil.
828 3963 1449 4033 Forchhammerus
1465 4015 1486 4051 ‚
1502 3964 1579 4056 *)
1633 3985 1844 4053 quum
1884 3982 2032 4029 rem
2076 3958 2457 4027 confectam

253 4065 493 4133 censuit
531 4066 1058 4139 luculentissimo
1088 4068 1470 4138 testimonio
1497 4065 1976 4138 Demosthenis
1991 4118 2014 4155 ,
2068 4063 2253 4132 cuius
2284 4062 2457 4131 haec

411 4368 468 4454 *)
554 4373 704 4435 Post
733 4372 900 4435 hunc
928 4375 1046 4436 etia
1014 4396 1108 4435 am
1136 4375 1240 4434 alii
1270 4307 1482 4435 dehac
1512 4392 1727 4433 caussa
1693 4370 2152 4451 adisputarunt,
2196 4379 2459 4444 quorum

254 4453 324 4515 de
359 4459 669 4520 sententiis
714 4460 893 4522 docte
930 4461 1216 4523 disseruit
1268 4462 1404 4520 Car
1450 4459 1552 4519 Fr.
1595 4457 1971 4519 Her-mannus
2013 4452 2078 4512 in
2133 4447 2462 4511 Annalibus

254 4537 845 4627 Heidelbergemibus
873 4566 928 4608 a.
958 4550 1143 4615 1830.
1173 4547 1320 4608 fasc.
1358 4544 1485 4609 vu,
1522 4564 1582 4625 p·
1610 4545 1999 4611 689—701.
