<?xml version="1.0" encoding="UTF-8"?>
<!DOCTYPE html PUBLIC "-//W3C//DTD XHTML 1.0 Transitional//EN"
    "http://www.w3.org/TR/xhtml1/DTD/xhtml1-transitional.dtd">
<html xmlns="http://www.w3.org/1999/xhtml" xml:lang="en" lang="en">
 <head>
  <title>
</title>
<meta http-equiv="Content-Type" content="text/html;charset=utf-8" />
  <meta name='ocr-system' content='tesseract 3.04.00' />
  <meta name='ocr-capabilities' content='ocr_page ocr_carea ocr_par ocr_line ocrx_word'/>
</head>
<body>
  <div class='ocr_page' id='page_1' title='image "./godofrediherman03fritgoog_0287.png"; bbox 0 0 3259 5275; ppageno 0'>
   <div class='ocr_carea' id='block_1_1' title="bbox 863 434 2440 505">
    <p class='ocr_par' dir='ltr' id='par_1_1' title="bbox 863 434 2440 505">
     <span class='ocr_line' id='line_1_1' title="bbox 863 434 2440 505; baseline 0.004 -11"><span class='ocrx_word' id='word_1_1' title='bbox 863 434 1812 500; x_wconf 76' lang='lat' dir='ltr'><strong>DlssERTATIO.</strong></span> <span class='ocrx_word' id='word_1_2' title='bbox 2313 437 2440 505; x_wconf 62' lang='grc'><strong>211</strong></span> 
     </span>
    </p>
   </div>
   <div class='ocr_carea' id='block_1_2' title="bbox 247 616 2551 4547">
    <p class='ocr_par' dir='ltr' id='par_1_2' title="bbox 247 616 2551 4547">
     <span class='ocr_line' id='line_1_2' title="bbox 259 616 2442 722; baseline 0.002 -27"><span class='ocrx_word' id='word_1_3' title='bbox 259 627 365 695; x_wconf 78' lang='lat'><strong>1⁰.</strong></span> <span class='ocrx_word' id='word_1_4' title='bbox 414 636 487 694; x_wconf 93' lang='lat' dir='ltr'><strong>ut</strong></span> <span class='ocrx_word' id='word_1_5' title='bbox 530 647 614 693; x_wconf 81' lang='lat' dir='ltr'><strong>ex</strong></span> <span class='ocrx_word' id='word_1_6' title='bbox 653 624 817 694; x_wconf 85' lang='lat' dir='ltr'><strong>Attii</strong></span> <span class='ocrx_word' id='word_1_7' title='bbox 860 616 1271 695; x_wconf 84' lang='lat' dir='ltr'><strong>Prometheo</strong></span> <span class='ocrx_word' id='word_1_8' title='bbox 1318 629 1547 718; x_wconf 84' lang='lat' dir='ltr'><strong>posuit</strong></span> <span class='ocrx_word' id='word_1_9' title='bbox 1590 645 1768 716; x_wconf 81' lang='lat' dir='ltr'><strong>quae</strong></span> <span class='ocrx_word' id='word_1_10' title='bbox 1810 650 1874 700; x_wconf 87' lang='lat' dir='ltr'><strong>v.</strong></span> <span class='ocrx_word' id='word_1_11' title='bbox 1931 623 2050 696; x_wconf 78' lang='lat'><strong>14.</strong></span> <span class='ocrx_word' id='word_1_12' title='bbox 2104 630 2442 722; x_wconf 80' lang='lat' dir='ltr'><strong>leguntur,</strong></span> 
     </span>
     <span class='ocr_line' id='line_1_3' title="bbox 258 729 2444 826; baseline 0.002 -27"><span class='ocrx_word' id='word_1_13' title='bbox 258 732 341 800; x_wconf 85' lang='lat' dir='ltr'><strong>sic</strong></span> <span class='ocrx_word' id='word_1_14' title='bbox 363 732 428 798; x_wconf 92' lang='lat' dir='ltr'><strong>in</strong></span> <span class='ocrx_word' id='word_1_15' title='bbox 457 729 741 819; x_wconf 75' lang='lat' dir='ltr'><strong>antiquis</strong></span> <span class='ocrx_word' id='word_1_16' title='bbox 773 730 974 797; x_wconf 86' lang='lat' dir='ltr'><strong>Nonii</strong></span> <span class='ocrx_word' id='word_1_17' title='bbox 999 729 1186 798; x_wconf 85' lang='lat' dir='ltr'><strong>libris</strong></span> <span class='ocrx_word' id='word_1_18' title='bbox 1223 732 1510 824; x_wconf 81' lang='lat' dir='ltr'><strong>scripta:</strong></span> <span class='ocrx_word' id='word_1_19' title='bbox 1566 739 1645 800; x_wconf 80' lang='lat' dir='ltr'><strong>tu</strong></span> <span class='ocrx_word' id='word_1_20' title='bbox 1675 730 1819 800; x_wconf 76' lang='lat' dir='ltr'><strong>mei</strong></span> <span class='ocrx_word' id='word_1_21' title='bbox 1839 733 2101 801; x_wconf 74' lang='lat' dir='ltr'><strong>volans</strong></span> <span class='ocrx_word' id='word_1_22' title='bbox 2114 744 2444 826; x_wconf 66' lang='lat' dir='ltr'><strong>pennata</strong></span> 
     </span>
     <span class='ocr_line' id='line_1_4' title="bbox 258 829 2440 926; baseline 0.002 -24"><span class='ocrx_word' id='word_1_23' title='bbox 258 834 491 902; x_wconf 79' lang='lat' dir='ltr'><strong>cauda</strong></span> <span class='ocrx_word' id='word_1_24' title='bbox 521 841 855 902; x_wconf 80' lang='lat' dir='ltr'><strong>nostrum</strong></span> <span class='ocrx_word' id='word_1_25' title='bbox 895 832 1166 902; x_wconf 80' lang='lat' dir='ltr'><strong>adulat</strong></span> <span class='ocrx_word' id='word_1_26' title='bbox 1210 834 1667 926; x_wconf 78' lang='lat' dir='ltr'><strong>sanguinem.</strong></span> <span class='ocrx_word' id='word_1_27' title='bbox 1772 836 2003 903; x_wconf 90' lang='lat' dir='ltr'><strong>Potuit</strong></span> <span class='ocrx_word' id='word_1_28' title='bbox 2036 829 2260 906; x_wconf 78' lang='lat' dir='ltr'><strong>aut‘em</strong></span> <span class='ocrx_word' id='word_1_29' title='bbox 2291 839 2440 905; x_wconf 90' lang='lat' dir='ltr'><strong>No-</strong></span> 
     </span>
     <span class='ocr_line' id='line_1_5' title="bbox 254 936 2446 1033; baseline 0.002 -28"><span class='ocrx_word' id='word_1_30' title='bbox 254 939 385 1022; x_wconf 84' lang='lat' dir='ltr'><strong>nius</strong></span> <span class='ocrx_word' id='word_1_31' title='bbox 427 959 510 1006; x_wconf 91' lang='lat' dir='ltr'><strong>eo</strong></span> <span class='ocrx_word' id='word_1_32' title='bbox 554 936 810 1004; x_wconf 82' lang='lat' dir='ltr'><strong>facilius</strong></span> <span class='ocrx_word' id='word_1_33' title='bbox 865 959 1128 1023; x_wconf 87' lang='lat' dir='ltr'><strong>errare,</strong></span> <span class='ocrx_word' id='word_1_34' title='bbox 1196 937 1382 1028; x_wconf 90' lang='lat' dir='ltr'><strong>quod</strong></span> <span class='ocrx_word' id='word_1_35' title='bbox 1435 961 1595 1006; x_wconf 90' lang='lat' dir='ltr'><strong>sane</strong></span> <span class='ocrx_word' id='word_1_36' title='bbox 1643 937 2127 1007; x_wconf 78' lang='lat' dir='ltr'><strong>Prometheum</strong></span> <span class='ocrx_word' id='word_1_37' title='bbox 2180 942 2446 1033; x_wconf 73' lang='lat' dir='ltr'><strong>scripsit</strong></span> 
     </span>
     <span class='ocr_line' id='line_1_6' title="bbox 255 1041 2444 1137; baseline 0.001 -27"><span class='ocrx_word' id='word_1_38' title='bbox 255 1041 485 1110; x_wconf 87' lang='lat' dir='ltr'><strong>Attius:</strong></span> <span class='ocrx_word' id='word_1_39' title='bbox 538 1062 623 1109; x_wconf 85' lang='lat' dir='ltr'><strong>ex</strong></span> <span class='ocrx_word' id='word_1_40' title='bbox 659 1062 797 1130; x_wconf 90' lang='lat' dir='ltr'><strong>quo</strong></span> <span class='ocrx_word' id='word_1_41' title='bbox 832 1042 957 1108; x_wconf 90' lang='lat' dir='ltr'><strong>etsi</strong></span> <span class='ocrx_word' id='word_1_42' title='bbox 999 1061 1168 1109; x_wconf 87' lang='lat' dir='ltr'><strong>unus</strong></span> <span class='ocrx_word' id='word_1_43' title='bbox 1218 1049 1476 1116; x_wconf 79' lang='lat' dir='ltr'><strong>tantum</strong></span> <span class='ocrx_word' id='word_1_44' title='bbox 1525 1064 1756 1110; x_wconf 85' lang='lat' dir='ltr'><strong>versus</strong></span> <span class='ocrx_word' id='word_1_45' title='bbox 1797 1043 2136 1111; x_wconf 88' lang='lat' dir='ltr'><strong>interitum</strong></span> <span class='ocrx_word' id='word_1_46' title='bbox 2182 1043 2444 1137; x_wconf 83' lang='lat' dir='ltr'><strong>effugit,</strong></span> 
     </span>
     <span class='ocr_line' id='line_1_7' title="bbox 254 1141 2447 1238; baseline 0.002 -27"><span class='ocrx_word' id='word_1_47' title='bbox 254 1154 459 1212; x_wconf 89' lang='lat' dir='ltr'><strong>tamen</strong></span> <span class='ocrx_word' id='word_1_48' title='bbox 494 1166 620 1212; x_wconf 91' lang='lat' dir='ltr'><strong>nec</strong></span> <span class='ocrx_word' id='word_1_49' title='bbox 650 1143 739 1211; x_wconf 90' lang='lat' dir='ltr'><strong>de</strong></span> <span class='ocrx_word' id='word_1_50' title='bbox 767 1144 1038 1212; x_wconf 90' lang='lat' dir='ltr'><strong>nomine</strong></span> <span class='ocrx_word' id='word_1_51' title='bbox 1065 1141 1337 1213; x_wconf 84' lang='lat' dir='ltr'><strong>fabulae</strong></span> <span class='ocrx_word' id='word_1_52' title='bbox 1371 1168 1497 1212; x_wconf 89' lang='lat' dir='ltr'><strong>nec</strong></span> <span class='ocrx_word' id='word_1_53' title='bbox 1523 1144 1613 1213; x_wconf 93' lang='lat' dir='ltr'><strong>de</strong></span> <span class='ocrx_word' id='word_1_54' title='bbox 1643 1145 1970 1238; x_wconf 80' lang='lat' dir='ltr'><strong>scriptore</strong></span> <span class='ocrx_word' id='word_1_55' title='bbox 2003 1146 2447 1216; x_wconf 88' lang='lat' dir='ltr'><strong>dubitandum</strong></span> 
     </span>
     <span class='ocr_line' id='line_1_8' title="bbox 253 1241 2442 1337; baseline 0.002 -22"><span class='ocrx_word' id='word_1_56' title='bbox 253 1242 528 1334; x_wconf 65' lang='lat' dir='ltr'><strong>videtur,</strong></span> <span class='ocrx_word' id='word_1_57' title='bbox 595 1247 754 1337; x_wconf 86' lang='lat' dir='ltr'><strong>quia</strong></span> <span class='ocrx_word' id='word_1_58' title='bbox 803 1247 1120 1315; x_wconf 88' lang='lat' dir='ltr'><strong>eumdem</strong></span> <span class='ocrx_word' id='word_1_59' title='bbox 1175 1247 1363 1315; x_wconf 90' lang='lat' dir='ltr'><strong>illum</strong></span> <span class='ocrx_word' id='word_1_60' title='bbox 1409 1270 1678 1316; x_wconf 85' lang='lat' dir='ltr'><strong>versum</strong></span> <span class='ocrx_word' id='word_1_61' title='bbox 1722 1272 1857 1318; x_wconf 89' lang='lat' dir='ltr'><strong>non</strong></span> <span class='ocrx_word' id='word_1_62' title='bbox 1899 1251 1962 1317; x_wconf 87' lang='lat' dir='ltr'>N</span> <span class='ocrx_word' id='word_1_63' title='bbox 1970 1251 2157 1319; x_wconf 85' lang='lat' dir='ltr'><strong>onius</strong></span> <span class='ocrx_word' id='word_1_64' title='bbox 2200 1241 2442 1337; x_wconf 84' lang='lat' dir='ltr'><strong>solum,</strong></span> 
     </span>
     <span class='ocr_line' id='line_1_9' title="bbox 254 1349 2444 1425; baseline 0.002 -6"><span class='ocrx_word' id='word_1_65' title='bbox 254 1351 360 1419; x_wconf 86' lang='lat' dir='ltr'><strong>sed</strong></span> <span class='ocrx_word' id='word_1_66' title='bbox 388 1349 583 1418; x_wconf 86' lang='lat' dir='ltr'><strong>etiam</strong></span> <span class='ocrx_word' id='word_1_67' title='bbox 608 1350 986 1419; x_wconf 78' lang='lat' dir='ltr'><strong>Priscianus</strong></span> <span class='ocrx_word' id='word_1_68' title='bbox 1015 1349 1178 1419; x_wconf 86' lang='lat' dir='ltr'><strong>Attii</strong></span> <span class='ocrx_word' id='word_1_69' title='bbox 1210 1352 1621 1420; x_wconf 85' lang='lat' dir='ltr'><strong>Prometheo</strong></span> <span class='ocrx_word' id='word_1_70' title='bbox 1653 1352 2058 1425; x_wconf 85' lang='lat' dir='ltr'><strong>adscribunt.</strong></span> <span class='ocrx_word' id='word_1_71' title='bbox 2130 1353 2307 1422; x_wconf 88' lang='lat' dir='ltr'><strong>Eam</strong></span> <span class='ocrx_word' id='word_1_72' title='bbox 2335 1355 2444 1425; x_wconf 86' lang='lat' dir='ltr'><strong>fa-</strong></span> 
     </span>
     <span class='ocr_line' id='line_1_10' title="bbox 252 1445 2443 1549; baseline 0.002 -28"><span class='ocrx_word' id='word_1_73' title='bbox 252 1445 461 1521; x_wconf 83' lang='lat' dir='ltr'><strong>bulam</strong></span> <span class='ocrx_word' id='word_1_74' title='bbox 484 1464 692 1541; x_wconf 86' lang='lat' dir='ltr'><strong>recte,</strong></span> <span class='ocrx_word' id='word_1_75' title='bbox 748 1463 826 1521; x_wconf 92' lang='lat' dir='ltr'><strong>ut</strong></span> <span class='ocrx_word' id='word_1_76' title='bbox 853 1477 988 1547; x_wconf 82' lang='lat' dir='ltr'><strong>ego</strong></span> <span class='ocrx_word' id='word_1_77' title='bbox 1016 1454 1293 1543; x_wconf 89' lang='lat' dir='ltr'><strong>quidem</strong></span> <span class='ocrx_word' id='word_1_78' title='bbox 1323 1456 1633 1542; x_wconf 79' lang='lat' dir='ltr'><strong>arbitror,</strong></span> <span class='ocrx_word' id='word_1_79' title='bbox 1684 1455 1971 1525; x_wconf 88' lang='lat' dir='ltr'><strong>Rathius</strong></span> <span class='ocrx_word' id='word_1_80' title='bbox 2008 1479 2090 1525; x_wconf 86' lang='lat' dir='ltr'><strong>ex</strong></span> <span class='ocrx_word' id='word_1_81' title='bbox 2115 1457 2443 1549; x_wconf 78' lang='lat' dir='ltr'><strong>Aeschyli</strong></span> 
     </span>
     <span class='ocr_line' id='line_1_11' title="bbox 252 1557 2442 1630; baseline 0.002 -5"><span class='ocrx_word' id='word_1_82' title='bbox 252 1558 641 1626; x_wconf 86' lang='lat' dir='ltr'><strong>Prometheo</strong></span> <span class='ocrx_word' id='word_1_83' title='bbox 692 1557 935 1626; x_wconf 88' lang='lat' dir='ltr'><strong>Vincto</strong></span> <span class='ocrx_word' id='word_1_84' title='bbox 981 1581 1248 1627; x_wconf 83' lang='lat' dir='ltr'><strong>versam</strong></span> <span class='ocrx_word' id='word_1_85' title='bbox 1290 1582 1438 1627; x_wconf 90' lang='lat' dir='ltr'><strong>esse</strong></span> <span class='ocrx_word' id='word_1_86' title='bbox 1492 1560 1791 1627; x_wconf 81' lang='lat' dir='ltr'><strong>coniecit.</strong></span> <span class='ocrx_word' id='word_1_87' title='bbox 1899 1561 2077 1628; x_wconf 89' lang='lat' dir='ltr'><strong>Nam</strong></span> <span class='ocrx_word' id='word_1_88' title='bbox 2124 1560 2442 1630; x_wconf 88' lang='lat' dir='ltr'><strong>Solutum</strong></span> 
     </span>
     <span class='ocr_line' id='line_1_12' title="bbox 251 1661 2441 1754; baseline 0.001 -26"><span class='ocrx_word' id='word_1_89' title='bbox 251 1661 711 1730; x_wconf 80' lang='lat' dir='ltr'><strong>Prometheum</strong></span> <span class='ocrx_word' id='word_1_90' title='bbox 740 1662 795 1729; x_wconf 88' lang='lat' dir='ltr'><strong>si</strong></span> <span class='ocrx_word' id='word_1_91' title='bbox 824 1661 1198 1754; x_wconf 83' lang='lat' dir='ltr'><strong>scripsisset</strong></span> <span class='ocrx_word' id='word_1_92' title='bbox 1227 1663 1445 1731; x_wconf 87' lang='lat' dir='ltr'><strong>Attius</strong></span> <span class='ocrx_word' id='word_1_93' title='bbox 1464 1710 1485 1746; x_wconf 89' lang='lat'><strong>,</strong></span> <span class='ocrx_word' id='word_1_94' title='bbox 1537 1662 1768 1745; x_wconf 83' lang='lat' dir='ltr'><strong>huius,</strong></span> <span class='ocrx_word' id='word_1_95' title='bbox 1819 1685 1954 1731; x_wconf 91' lang='lat' dir='ltr'><strong>non</strong></span> <span class='ocrx_word' id='word_1_96' title='bbox 1983 1663 2115 1732; x_wconf 89' lang='lat' dir='ltr'><strong>suis</strong></span> <span class='ocrx_word' id='word_1_97' title='bbox 2140 1664 2441 1733; x_wconf 76' lang='lat' dir='ltr'><strong>versibus</strong></span> 
     </span>
     <span class='ocr_line' id='line_1_13' title="bbox 252 1763 2444 1836; baseline 0.002 -4"><span class='ocrx_word' id='word_1_98' title='bbox 252 1786 465 1832; x_wconf 87' lang='lat' dir='ltr'><strong>usurus</strong></span> <span class='ocrx_word' id='word_1_99' title='bbox 493 1774 639 1832; x_wconf 87' lang='lat' dir='ltr'><strong>erat</strong></span> <span class='ocrx_word' id='word_1_100' title='bbox 667 1763 931 1833; x_wconf 86' lang='lat' dir='ltr'><strong>Cicero.</strong></span> <span class='ocrx_word' id='word_1_101' title='bbox 1037 1765 1181 1834; x_wconf 87' lang='lat' dir='ltr'><strong>Sed</strong></span> <span class='ocrx_word' id='word_1_102' title='bbox 1218 1764 1308 1833; x_wconf 89' lang='lat' dir='ltr'><strong>de</strong></span> <span class='ocrx_word' id='word_1_103' title='bbox 1345 1788 1545 1834; x_wconf 85' lang='lat' dir='ltr'><strong>versu</strong></span> <span class='ocrx_word' id='word_1_104' title='bbox 1574 1767 1691 1833; x_wconf 92' lang='lat' dir='ltr'><strong>illo</strong></span> <span class='ocrx_word' id='word_1_105' title='bbox 1730 1767 1907 1834; x_wconf 86' lang='lat' dir='ltr'><strong>infra</strong></span> <span class='ocrx_word' id='word_1_106' title='bbox 1935 1765 2213 1835; x_wconf 85' lang='lat' dir='ltr'><strong>dicetur.</strong></span> <span class='ocrx_word' id='word_1_107' title='bbox 2321 1766 2444 1836; x_wconf 84' lang='lat' dir='ltr'><strong>Ci-</strong></span> 
     </span>
     <span class='ocr_line' id='line_1_14' title="bbox 252 1868 2441 1960; baseline 0.002 -26"><span class='ocrx_word' id='word_1_108' title='bbox 252 1890 392 1935; x_wconf 82' lang='lat' dir='ltr'><strong>cero</strong></span> <span class='ocrx_word' id='word_1_109' title='bbox 425 1890 599 1958; x_wconf 86' lang='lat' dir='ltr'><strong>quae</strong></span> <span class='ocrx_word' id='word_1_110' title='bbox 640 1868 877 1955; x_wconf 85' lang='lat' dir='ltr'><strong>vertit,</strong></span> <span class='ocrx_word' id='word_1_111' title='bbox 932 1869 1026 1936; x_wconf 86' lang='lat' dir='ltr'><strong>sic</strong></span> <span class='ocrx_word' id='word_1_112' title='bbox 1067 1869 1319 1959; x_wconf 91' lang='lat' dir='ltr'><strong>scripta</strong></span> <span class='ocrx_word' id='word_1_113' title='bbox 1360 1868 1560 1955; x_wconf 85' lang='lat' dir='ltr'><strong>dedi,</strong></span> <span class='ocrx_word' id='word_1_114' title='bbox 1612 1879 1689 1936; x_wconf 90' lang='lat' dir='ltr'><strong>ut</strong></span> <span class='ocrx_word' id='word_1_115' title='bbox 1722 1893 1805 1936; x_wconf 93' lang='lat' dir='ltr'><strong>ea</strong></span> <span class='ocrx_word' id='word_1_116' title='bbox 1837 1892 2015 1960; x_wconf 89' lang='lat' dir='ltr'><strong>quae</strong></span> <span class='ocrx_word' id='word_1_117' title='bbox 2047 1892 2211 1937; x_wconf 85' lang='lat' dir='ltr'><strong>vera</strong></span> <span class='ocrx_word' id='word_1_118' title='bbox 2242 1870 2441 1938; x_wconf 84' lang='lat' dir='ltr'><strong>vide-</strong></span> 
     </span>
     <span class='ocr_line' id='line_1_15' title="bbox 251 1959 2442 2065; baseline 0.002 -27"><span class='ocrx_word' id='word_1_119' title='bbox 251 1980 457 2039; x_wconf 86' lang='lat' dir='ltr'><strong>rentur</strong></span> <span class='ocrx_word' id='word_1_120' title='bbox 477 1995 828 2064; x_wconf 79' lang='lat' dir='ltr'><strong>ponerem.</strong></span> <span class='ocrx_word' id='word_1_121' title='bbox 899 1971 1085 2057; x_wconf 82' lang='lat' dir='ltr'><strong>Quid</strong></span> <span class='ocrx_word' id='word_1_122' title='bbox 1103 1959 1418 2040; x_wconf 85' lang='lat' dir='ltr'><strong>differant</strong></span> <span class='ocrx_word' id='word_1_123' title='bbox 1435 1972 1606 2055; x_wconf 84' lang='lat' dir='ltr'><strong>libri,</strong></span> <span class='ocrx_word' id='word_1_124' title='bbox 1652 1996 1736 2042; x_wconf 81' lang='lat' dir='ltr'><strong>ex</strong></span> <span class='ocrx_word' id='word_1_125' title='bbox 1756 1971 1995 2041; x_wconf 89' lang='lat' dir='ltr'><strong>Orellii</strong></span> <span class='ocrx_word' id='word_1_126' title='bbox 2026 1974 2442 2065; x_wconf 89' lang='lat' dir='ltr'><strong>aliorumque</strong></span> 
     </span>
     <span class='ocr_line' id='line_1_16' title="bbox 251 2073 2441 2168; baseline 0.001 -26"><span class='ocrx_word' id='word_1_127' title='bbox 251 2073 391 2142; x_wconf 84' lang='lat' dir='ltr'><strong>edd.</strong></span> <span class='ocrx_word' id='word_1_128' title='bbox 444 2076 767 2168; x_wconf 82' lang='lat' dir='ltr'><strong>cognosci</strong></span> <span class='ocrx_word' id='word_1_129' title='bbox 807 2084 1055 2168; x_wconf 84' lang='lat' dir='ltr'><strong>potest.</strong></span> <span class='ocrx_word' id='word_1_130' title='bbox 1125 2075 1489 2145; x_wconf 85' lang='lat' dir='ltr'><strong>Caeterum</strong></span> <span class='ocrx_word' id='word_1_131' title='bbox 1522 2074 1611 2142; x_wconf 89' lang='lat' dir='ltr'><strong>de</strong></span> <span class='ocrx_word' id='word_1_132' title='bbox 1637 2076 1919 2144; x_wconf 87' lang='lat' dir='ltr'><strong>Graecis</strong></span> <span class='ocrx_word' id='word_1_133' title='bbox 1952 2076 2146 2144; x_wconf 86' lang='lat' dir='ltr'><strong>huius</strong></span> <span class='ocrx_word' id='word_1_134' title='bbox 2170 2076 2441 2145; x_wconf 84' lang='lat' dir='ltr'><strong>fabulae</strong></span> 
     </span>
     <span class='ocr_line' id='line_1_17' title="bbox 249 2176 2441 2271; baseline 0.002 -27"><span class='ocrx_word' id='word_1_135' title='bbox 249 2176 618 2270; x_wconf 78' lang='lat' dir='ltr'><strong>fragmentis</strong></span> <span class='ocrx_word' id='word_1_136' title='bbox 661 2179 921 2247; x_wconf 90' lang='lat' dir='ltr'><strong>nullum</strong></span> <span class='ocrx_word' id='word_1_137' title='bbox 957 2187 1078 2265; x_wconf 88' lang='lat' dir='ltr'><strong>est,</strong></span> <span class='ocrx_word' id='word_1_138' title='bbox 1119 2178 1305 2268; x_wconf 87' lang='lat' dir='ltr'><strong>quod</strong></span> <span class='ocrx_word' id='word_1_139' title='bbox 1325 2178 1416 2246; x_wconf 90' lang='lat' dir='ltr'><strong>ad</strong></span> <span class='ocrx_word' id='word_1_140' title='bbox 1451 2180 1636 2247; x_wconf 86' lang='lat' dir='ltr'><strong>hunc</strong></span> <span class='ocrx_word' id='word_1_141' title='bbox 1673 2180 1899 2247; x_wconf 90' lang='lat' dir='ltr'><strong>locum</strong></span> <span class='ocrx_word' id='word_1_142' title='bbox 1927 2181 2279 2271; x_wconf 82' lang='lat' dir='ltr'><strong>pertineat,</strong></span> <span class='ocrx_word' id='word_1_143' title='bbox 2316 2181 2441 2249; x_wconf 89' lang='lat' dir='ltr'><strong>nisi</strong></span> 
     </span>
     <span class='ocr_line' id='line_1_18' title="bbox 248 2277 2440 2378; baseline 0.004 -31"><span class='ocrx_word' id='word_1_144' title='bbox 248 2279 406 2350; x_wconf 81' lang='lat' dir='ltr'><strong>forte</strong></span> <span class='ocrx_word' id='word_1_145' title='bbox 436 2282 523 2351; x_wconf 91' lang='lat' dir='ltr'><strong>ad</strong></span> <span class='ocrx_word' id='word_1_146' title='bbox 556 2305 626 2355; x_wconf 81' lang='lat' dir='ltr'><strong>v.</strong></span> <span class='ocrx_word' id='word_1_147' title='bbox 679 2281 803 2354; x_wconf 89' lang='grc'><strong>11.</strong></span> <span class='ocrx_word' id='word_1_148' title='bbox 847 2291 963 2350; x_wconf 88' lang='lat' dir='ltr'><strong>aut</strong></span> <span class='ocrx_word' id='word_1_149' title='bbox 1011 2281 1133 2350; x_wconf 71' lang='lat'><strong>17.</strong></span> <span class='ocrx_word' id='word_1_150' title='bbox 1178 2281 1344 2351; x_wconf 91' lang='lat' dir='ltr'><strong>illud</strong></span> <span class='ocrx_word' id='word_1_151' title='bbox 1391 2282 1578 2375; x_wconf 85' lang='lat' dir='ltr'><strong>apud</strong></span> <span class='ocrx_word' id='word_1_152' title='bbox 1622 2282 2082 2374; x_wconf 75' lang='lat' dir='ltr'><strong>Hesychiumt</strong></span> <span class='ocrx_word' id='word_1_153' title='bbox 2135 2277 2440 2378; x_wconf 68' lang='lat' dir='ltr'><strong>n’cmpoi—</strong></span> 
     </span>
     <span class='ocr_line' id='line_1_19' title="bbox 251 2378 2438 2482; baseline 0.001 -28"><span class='ocrx_word' id='word_1_154' title='bbox 251 2410 495 2475; x_wconf 81' lang='grc' dir='ltr'><strong><em>σματα.</em></strong></span> <span class='ocrx_word' id='word_1_155' title='bbox 542 2378 1019 2477; x_wconf 75' lang='grc' dir='ltr'><strong><em>εἰςπτήματα.</em></strong></span> <span class='ocrx_word' id='word_1_156' title='bbox 1052 2379 1203 2458; x_wconf 59' lang='lat' dir='ltr'><strong>cino*</strong></span> <span class='ocrx_word' id='word_1_157' title='bbox 1228 2387 1369 2458; x_wconf 76' lang='grc' dir='ltr'><strong>τοῦ</strong></span> <span class='ocrx_word' id='word_1_158' title='bbox 1384 2387 1778 2480; x_wconf 75' lang='grc' dir='ltr'><strong><em>εἰςαφιέναι</em></strong></span> <span class='ocrx_word' id='word_1_159' title='bbox 1799 2404 1816 2422; x_wconf 92' lang='grc'><em>·</em></span> <span class='ocrx_word' id='word_1_160' title='bbox 1855 2384 1901 2482; x_wconf 81' lang='grc' dir='ltr'><em>ἢ</em></span> <span class='ocrx_word' id='word_1_161' title='bbox 1924 2378 2438 2481; x_wconf 76' lang='grc' dir='ltr'><strong><em>σπαράγματα.</em></strong></span> 
     </span>
     <span class='ocr_line' id='line_1_20' title="bbox 247 2482 2441 2587; baseline -0.001 -27"><span class='ocrx_word' id='word_1_162' title='bbox 247 2482 586 2578; x_wconf 74' lang='grc' dir='ltr'><strong>Αἰσχύλος</strong></span> <span class='ocrx_word' id='word_1_163' title='bbox 638 2492 1039 2587; x_wconf 72' lang='grc' dir='ltr'><strong><em>Προμηθεῖ</em></strong></span> <span class='ocrx_word' id='word_1_164' title='bbox 1073 2490 1418 2584; x_wconf 75' lang='grc' dir='ltr'><strong><em>λυομένῳ.</em></strong></span> <span class='ocrx_word' id='word_1_165' title='bbox 1519 2488 2003 2557; x_wconf 77' lang='lat' dir='ltr'><strong>Ptometheum</strong></span> <span class='ocrx_word' id='word_1_166' title='bbox 2048 2488 2441 2558; x_wconf 83' lang='lat' dir='ltr'><strong>haerentem</strong></span> 
     </span>
     <span class='ocr_line' id='line_1_21' title="bbox 249 2588 2441 2686; baseline 0.003 -31"><span class='ocrx_word' id='word_1_167' title='bbox 249 2588 452 2659; x_wconf 81' lang='lat' dir='ltr'><strong>adhuc</strong></span> <span class='ocrx_word' id='word_1_168' title='bbox 477 2593 545 2661; x_wconf 93' lang='lat' dir='ltr'><strong>in</strong></span> <span class='ocrx_word' id='word_1_169' title='bbox 571 2590 857 2660; x_wconf 82' lang='lat' dir='ltr'><strong>vinculis</strong></span> <span class='ocrx_word' id='word_1_170' title='bbox 877 2642 898 2679; x_wconf 85' lang='lat'><strong>,</strong></span> <span class='ocrx_word' id='word_1_171' title='bbox 969 2592 1041 2660; x_wconf 88' lang='lat' dir='ltr'><strong>in</strong></span> <span class='ocrx_word' id='word_1_172' title='bbox 1071 2613 1363 2683; x_wconf 90' lang='lat' dir='ltr'><strong>eumque</strong></span> <span class='ocrx_word' id='word_1_173' title='bbox 1405 2592 1777 2662; x_wconf 89' lang='lat' dir='ltr'><strong>intuentem</strong></span> <span class='ocrx_word' id='word_1_174' title='bbox 1804 2592 2175 2662; x_wconf 90' lang='lat' dir='ltr'><strong>Herculem</strong></span> <span class='ocrx_word' id='word_1_175' title='bbox 2199 2593 2441 2686; x_wconf 81' lang='lat' dir='ltr'><strong>pinxe-</strong></span> 
     </span>
     <span class='ocr_line' id='line_1_22' title="bbox 248 2693 2442 2787; baseline 0.003 -28"><span class='ocrx_word' id='word_1_176' title='bbox 248 2706 339 2761; x_wconf 85' lang='lat' dir='ltr'><strong>rat</strong></span> <span class='ocrx_word' id='word_1_177' title='bbox 365 2695 718 2764; x_wconf 80' lang='lat' dir='ltr'><strong>Panaenus</strong></span> <span class='ocrx_word' id='word_1_178' title='bbox 768 2693 1168 2787; x_wconf 74' lang='lat' dir='ltr'><strong>Olympiae,</strong></span> <span class='ocrx_word' id='word_1_179' title='bbox 1238 2705 1409 2765; x_wconf 88' lang='lat' dir='ltr'><strong>teste</strong></span> <span class='ocrx_word' id='word_1_180' title='bbox 1452 2697 1786 2765; x_wconf 80' lang='lat' dir='ltr'><strong>Pausania</strong></span> <span class='ocrx_word' id='word_1_181' title='bbox 1821 2696 1902 2768; x_wconf 82' lang='lat' dir='ltr'><strong>V.</strong></span> <span class='ocrx_word' id='word_1_182' title='bbox 1939 2695 2057 2784; x_wconf 84' lang='lat'><strong>11,</strong></span> <span class='ocrx_word' id='word_1_183' title='bbox 2099 2694 2168 2766; x_wconf 75' lang='grc'><strong>2.</strong></span> <span class='ocrx_word' id='word_1_184' title='bbox 2214 2697 2442 2766; x_wconf 86' lang='lat' dir='ltr'><strong>cuius-</strong></span> 
     </span>
     <span class='ocr_line' id='line_1_23' title="bbox 248 2798 2444 2894; baseline 0.003 -31"><span class='ocrx_word' id='word_1_185' title='bbox 248 2798 417 2866; x_wconf 87' lang='lat' dir='ltr'><strong>modi</strong></span> <span class='ocrx_word' id='word_1_186' title='bbox 478 2802 817 2893; x_wconf 88' lang='lat' dir='ltr'><strong>picturam</strong></span> <span class='ocrx_word' id='word_1_187' title='bbox 880 2800 1374 2868; x_wconf 86' lang='lat' dir='ltr'><strong>accuratissime</strong></span> <span class='ocrx_word' id='word_1_188' title='bbox 1439 2799 1794 2894; x_wconf 85' lang='lat' dir='ltr'><strong>descripsit</strong></span> <span class='ocrx_word' id='word_1_189' title='bbox 1851 2798 2153 2869; x_wconf 86' lang='lat' dir='ltr'><strong>Acbilles</strong></span> <span class='ocrx_word' id='word_1_190' title='bbox 2204 2802 2444 2870; x_wconf 77' lang='lat' dir='ltr'><strong>Tatius</strong></span> 
     </span>
     <span class='ocr_line' id='line_1_24' title="bbox 432 3003 2444 3099; baseline -0 -26"><span class='ocrx_word' id='word_1_191' title='bbox 432 3006 575 3074; x_wconf 86' lang='lat' dir='ltr'><strong>Nisi</strong></span> <span class='ocrx_word' id='word_1_192' title='bbox 606 3003 986 3093; x_wconf 78' lang='lat' dir='ltr'><strong>maximam,</strong></span> <span class='ocrx_word' id='word_1_193' title='bbox 1039 3015 1222 3074; x_wconf 88' lang='lat' dir='ltr'><strong>certe</strong></span> <span class='ocrx_word' id='word_1_194' title='bbox 1246 3006 1686 3099; x_wconf 89' lang='lat' dir='ltr'><strong>praecipuam</strong></span> <span class='ocrx_word' id='word_1_195' title='bbox 1718 3011 1983 3097; x_wconf 85' lang='lat' dir='ltr'><strong>partem</strong></span> <span class='ocrx_word' id='word_1_196' title='bbox 2008 3003 2315 3089; x_wconf 82' lang='lat' dir='ltr'><strong>fabulae,</strong></span> <span class='ocrx_word' id='word_1_197' title='bbox 2365 3012 2444 3072; x_wconf 87' lang='lat' dir='ltr'><strong>ut</strong></span> 
     </span>
     <span class='ocr_line' id='line_1_25' title="bbox 249 3105 2439 3201; baseline 0.001 -28"><span class='ocrx_word' id='word_1_198' title='bbox 249 3105 510 3199; x_wconf 86' lang='lat' dir='ltr'><strong>videtur,</strong></span> <span class='ocrx_word' id='word_1_199' title='bbox 562 3110 618 3177; x_wconf 91' lang='lat' dir='ltr'><strong>is</strong></span> <span class='ocrx_word' id='word_1_200' title='bbox 655 3108 948 3195; x_wconf 83' lang='lat' dir='ltr'><strong>tenebat,</strong></span> <span class='ocrx_word' id='word_1_201' title='bbox 998 3132 1127 3201; x_wconf 89' lang='lat' dir='ltr'><strong>per</strong></span> <span class='ocrx_word' id='word_1_202' title='bbox 1156 3132 1358 3200; x_wconf 87' lang='lat' dir='ltr'><strong>quem</strong></span> <span class='ocrx_word' id='word_1_203' title='bbox 1383 3108 1770 3177; x_wconf 90' lang='lat' dir='ltr'><strong>liberandus</strong></span> <span class='ocrx_word' id='word_1_204' title='bbox 1798 3120 1944 3176; x_wconf 85' lang='lat' dir='ltr'><strong>erat</strong></span> <span class='ocrx_word' id='word_1_205' title='bbox 1970 3107 2439 3193; x_wconf 74' lang='lat' dir='ltr'><strong>Prometheus,</strong></span> 
     </span>
     <span class='ocr_line' id='line_1_26' title="bbox 248 3207 2438 3303; baseline 0 -26"><span class='ocrx_word' id='word_1_206' title='bbox 248 3207 579 3281; x_wconf 87' lang='lat' dir='ltr'><strong>Hercules.</strong></span> <span class='ocrx_word' id='word_1_207' title='bbox 693 3210 830 3296; x_wconf 82' lang='lat' dir='ltr'><strong>Qui</strong></span> <span class='ocrx_word' id='word_1_208' title='bbox 863 3234 1069 3302; x_wconf 90' lang='lat' dir='ltr'><strong>quum</strong></span> <span class='ocrx_word' id='word_1_209' title='bbox 1104 3214 1341 3283; x_wconf 90' lang='lat' dir='ltr'><strong>orbem</strong></span> <span class='ocrx_word' id='word_1_210' title='bbox 1369 3221 1697 3281; x_wconf 88' lang='lat' dir='ltr'><strong>terrarum</strong></span> <span class='ocrx_word' id='word_1_211' title='bbox 1720 3233 2093 3303; x_wconf 84' lang='lat' dir='ltr'><strong>peragrans</strong></span> <span class='ocrx_word' id='word_1_212' title='bbox 2126 3210 2217 3279; x_wconf 90' lang='lat' dir='ltr'><strong>ad</strong></span> <span class='ocrx_word' id='word_1_213' title='bbox 2251 3208 2438 3278; x_wconf 89' lang='lat' dir='ltr'><strong>Cau-</strong></span> 
     </span>
     <span class='ocr_line' id='line_1_27' title="bbox 251 3315 2436 3410; baseline 0 -28"><span class='ocrx_word' id='word_1_214' title='bbox 251 3334 464 3382; x_wconf 83' lang='lat' dir='ltr'><strong>casum</strong></span> <span class='ocrx_word' id='word_1_215' title='bbox 501 3315 836 3405; x_wconf 78' lang='lat' dir='ltr'><strong>venisset,</strong></span> <span class='ocrx_word' id='word_1_216' title='bbox 885 3316 1117 3407; x_wconf 83' lang='lat' dir='ltr'><strong>ibique</strong></span> <span class='ocrx_word' id='word_1_217' title='bbox 1151 3318 1306 3410; x_wconf 88' lang='lat' dir='ltr'><strong>rupi</strong></span> <span class='ocrx_word' id='word_1_218' title='bbox 1340 3316 1616 3384; x_wconf 82' lang='lat' dir='ltr'><strong>affixum</strong></span> <span class='ocrx_word' id='word_1_219' title='bbox 1655 3315 2112 3406; x_wconf 81' lang='lat' dir='ltr'><strong>conspexisset</strong></span> <span class='ocrx_word' id='word_1_220' title='bbox 2147 3315 2436 3382; x_wconf 89' lang='lat' dir='ltr'><strong>Prome-</strong></span> 
     </span>
     <span class='ocr_line' id='line_1_28' title="bbox 248 3412 2539 3512; baseline 0.004 -30"><span class='ocrx_word' id='word_1_221' title='bbox 248 3412 496 3507; x_wconf 87' lang='lat' dir='ltr'><strong>theum,</strong></span> <span class='ocrx_word' id='word_1_222' title='bbox 548 3419 947 3507; x_wconf 87' lang='lat' dir='ltr'><strong>mirabatur,</strong></span> <span class='ocrx_word' id='word_1_223' title='bbox 997 3421 1053 3488; x_wconf 88' lang='lat' dir='ltr'><strong>si</strong></span> <span class='ocrx_word' id='word_1_224' title='bbox 1088 3431 1274 3490; x_wconf 84' lang='lat' dir='ltr'><strong>recte</strong></span> <span class='ocrx_word' id='word_1_225' title='bbox 1303 3420 1905 3506; x_wconf 82' lang='lat' dir='ltr'><strong>coniicimus,·tam</strong></span> <span class='ocrx_word' id='word_1_226' title='bbox 1934 3427 2131 3488; x_wconf 80' lang='lat' dir='ltr'><strong>atrox</strong></span> <span class='ocrx_word' id='word_1_227' title='bbox 2167 3421 2539 3512; x_wconf 79' lang='lat' dir='ltr'><strong>specta-20</strong></span> 
     </span>
     <span class='ocr_line' id='line_1_29' title="bbox 251 3520 2438 3616; baseline 0 -29"><span class='ocrx_word' id='word_1_228' title='bbox 251 3520 490 3609; x_wconf 85' lang='lat' dir='ltr'><strong>culum,</strong></span> <span class='ocrx_word' id='word_1_229' title='bbox 541 3532 748 3614; x_wconf 90' lang='lat' dir='ltr'><strong>atque</strong></span> <span class='ocrx_word' id='word_1_230' title='bbox 798 3530 871 3590; x_wconf 92' lang='lat' dir='ltr'><strong>ut</strong></span> <span class='ocrx_word' id='word_1_231' title='bbox 911 3533 1055 3591; x_wconf 86' lang='lat' dir='ltr'><strong>erat</strong></span> <span class='ocrx_word' id='word_1_232' title='bbox 1097 3525 1321 3614; x_wconf 91' lang='lat' dir='ltr'><strong>iniqua</strong></span> <span class='ocrx_word' id='word_1_233' title='bbox 1362 3524 1574 3615; x_wconf 89' lang='lat' dir='ltr'><strong>passis</strong></span> <span class='ocrx_word' id='word_1_234' title='bbox 1610 3545 1924 3616; x_wconf 88' lang='lat' dir='ltr'><strong>praesens</strong></span> <span class='ocrx_word' id='word_1_235' title='bbox 1956 3521 2239 3609; x_wconf 78' lang='lat' dir='ltr'><strong>auxilio,</strong></span> <span class='ocrx_word' id='word_1_236' title='bbox 2289 3521 2438 3588; x_wconf 90' lang='lat' dir='ltr'><strong>ani-</strong></span> 
     </span>
     <span class='ocr_line' id='line_1_30' title="bbox 249 3618 2441 3718; baseline 0.001 -29"><span class='ocrx_word' id='word_1_237' title='bbox 249 3644 590 3715; x_wconf 88' lang='lat' dir='ltr'><strong>mosusque</strong></span> <span class='ocrx_word' id='word_1_238' title='bbox 633 3625 724 3693; x_wconf 90' lang='lat' dir='ltr'><strong>ad</strong></span> <span class='ocrx_word' id='word_1_239' title='bbox 774 3626 1023 3711; x_wconf 87' lang='lat' dir='ltr'><strong>ardua,</strong></span> <span class='ocrx_word' id='word_1_240' title='bbox 1074 3618 1387 3697; x_wconf 86' lang='lat' dir='ltr'><strong>occidere</strong></span> <span class='ocrx_word' id='word_1_241' title='bbox 1429 3628 1756 3718; x_wconf 87' lang='lat' dir='ltr'><strong>aquilam,</strong></span> <span class='ocrx_word' id='word_1_242' title='bbox 1818 3648 1993 3715; x_wconf 88' lang='lat' dir='ltr'><strong>quae</strong></span> <span class='ocrx_word' id='word_1_243' title='bbox 2034 3626 2223 3693; x_wconf 90' lang='lat' dir='ltr'><strong>iecur</strong></span> <span class='ocrx_word' id='word_1_244' title='bbox 2260 3625 2441 3692; x_wconf 87' lang='lat' dir='ltr'><strong>Pro-</strong></span> 
     </span>
     <span class='ocr_line' id='line_1_31' title="bbox 248 3727 2439 3823; baseline 0.002 -32"><span class='ocrx_word' id='word_1_245' title='bbox 248 3727 483 3797; x_wconf 87' lang='lat' dir='ltr'><strong>methei</strong></span> <span class='ocrx_word' id='word_1_246' title='bbox 524 3728 880 3815; x_wconf 82' lang='lat' dir='ltr'><strong>exederet,</strong></span> <span class='ocrx_word' id='word_1_247' title='bbox 945 3730 1304 3823; x_wconf 91' lang='lat' dir='ltr'><strong>ipsumque</strong></span> <span class='ocrx_word' id='word_1_248' title='bbox 1350 3753 1437 3799; x_wconf 82' lang='lat' dir='ltr'><strong>ex</strong></span> <span class='ocrx_word' id='word_1_249' title='bbox 1476 3732 1751 3799; x_wconf 78' lang='lat' dir='ltr'><strong>vinculis</strong></span> <span class='ocrx_word' id='word_1_250' title='bbox 1800 3729 2146 3797; x_wconf 77' lang='lat' dir='ltr'><strong>exsolvere</strong></span> <span class='ocrx_word' id='word_1_251' title='bbox 2187 3727 2439 3796; x_wconf 86' lang='lat' dir='ltr'><strong>consti-</strong></span> 
     </span>
     <span class='ocr_line' id='line_1_32' title="bbox 248 3829 2423 3925; baseline 0 -29"><span class='ocrx_word' id='word_1_252' title='bbox 248 3829 376 3903; x_wconf 85' lang='lat' dir='ltr'><strong>tuit.</strong></span> <span class='ocrx_word' id='word_1_253' title='bbox 476 3830 565 3901; x_wconf 94' lang='lat' dir='ltr'><strong>Ei</strong></span> <span class='ocrx_word' id='word_1_254' title='bbox 607 3832 849 3925; x_wconf 84' lang='lat' dir='ltr'><strong>igitur,</strong></span> <span class='ocrx_word' id='word_1_255' title='bbox 913 3843 992 3901; x_wconf 90' lang='lat' dir='ltr'><strong>ut</strong></span> <span class='ocrx_word' id='word_1_256' title='bbox 1025 3832 1480 3911; x_wconf 88' lang='lat' dir='ltr'><strong>Oceanidibus</strong></span> <span class='ocrx_word' id='word_1_257' title='bbox 1525 3836 1595 3902; x_wconf 91' lang='lat' dir='ltr'><strong>in</strong></span> <span class='ocrx_word' id='word_1_258' title='bbox 1636 3833 1990 3925; x_wconf 75' lang='lat' dir='ltr'><strong>superstite</strong></span> <span class='ocrx_word' id='word_1_259' title='bbox 2030 3831 2299 3918; x_wconf 83' lang='lat' dir='ltr'><strong>fabula,</strong></span> <span class='ocrx_word' id='word_1_260' title='bbox 2353 3843 2423 3897; x_wconf 91' lang='lat' dir='ltr'><strong>et</strong></span> 
     </span>
     <span class='ocr_line' id='line_1_33' title="bbox 252 3934 2439 4031; baseline 0.001 -32"><span class='ocrx_word' id='word_1_261' title='bbox 252 3952 498 4003; x_wconf 84' lang='lat' dir='ltr'><strong>caussas</strong></span> <span class='ocrx_word' id='word_1_262' title='bbox 547 3946 774 4006; x_wconf 88' lang='lat' dir='ltr'><strong>tantae</strong></span> <span class='ocrx_word' id='word_1_263' title='bbox 829 3959 1096 4029; x_wconf 89' lang='lat' dir='ltr'><strong>poenae</strong></span> <span class='ocrx_word' id='word_1_264' title='bbox 1148 3939 1533 4031; x_wconf 83' lang='lat' dir='ltr'><strong>exposuisse</strong></span> <span class='ocrx_word' id='word_1_265' title='bbox 1587 3935 2072 4006; x_wconf 90' lang='lat' dir='ltr'><strong>Prometheum</strong></span> <span class='ocrx_word' id='word_1_266' title='bbox 2119 3934 2439 4002; x_wconf 89' lang='lat' dir='ltr'><strong>credibile</strong></span> 
     </span>
     <span class='ocr_line' id='line_1_34' title="bbox 250 4030 2492 4134; baseline 0.002 -34"><span class='ocrx_word' id='word_1_267' title='bbox 250 4048 369 4119; x_wconf 86' lang='lat' dir='ltr'><strong>est,</strong></span> <span class='ocrx_word' id='word_1_268' title='bbox 419 4048 484 4106; x_wconf 87' lang='lat' dir='ltr'><strong>et</strong></span> <span class='ocrx_word' id='word_1_269' title='bbox 530 4063 976 4125; x_wconf 86' lang='lat' dir='ltr'><strong>memorasse,</strong></span> <span class='ocrx_word' id='word_1_270' title='bbox 1030 4042 1270 4132; x_wconf 90' lang='lat' dir='ltr'><strong>quibus</strong></span> <span class='ocrx_word' id='word_1_271' title='bbox 1312 4064 1526 4134; x_wconf 82' lang='lat' dir='ltr'><strong>genus</strong></span> <span class='ocrx_word' id='word_1_272' title='bbox 1568 4041 1939 4109; x_wconf 88' lang='lat' dir='ltr'><strong>humanum</strong></span> <span class='ocrx_word' id='word_1_273' title='bbox 1966 4039 2312 4108; x_wconf 85' lang='lat' dir='ltr'><strong>beneficiis</strong></span> <span class='ocrx_word' id='word_1_274' title='bbox 2341 4036 2442 4104; x_wconf 86' lang='lat' dir='ltr'><strong>af-</strong></span> <span class='ocrx_word' id='word_1_275' title='bbox 2477 4030 2492 4046; x_wconf 77' lang='lat'><strong><em>&#39;</em></strong></span> 
     </span>
     <span class='ocr_line' id='line_1_35' title="bbox 248 4134 2551 4238; baseline 0.003 -36"><span class='ocrx_word' id='word_1_276' title='bbox 248 4134 517 4210; x_wconf 81' lang='lat' dir='ltr'><strong>fecisset.</strong></span> <span class='ocrx_word' id='word_1_277' title='bbox 622 4143 735 4212; x_wconf 88' lang='lat' dir='ltr'><strong>Ex</strong></span> <span class='ocrx_word' id='word_1_278' title='bbox 760 4167 844 4215; x_wconf 92' lang='lat' dir='ltr'><strong>eo</strong></span> <span class='ocrx_word' id='word_1_279' title='bbox 880 4146 1220 4236; x_wconf 91' lang='lat' dir='ltr'><strong>colloquio</strong></span> <span class='ocrx_word' id='word_1_280' title='bbox 1248 4146 1656 4238; x_wconf 87' lang='lat' dir='ltr'><strong>deprompta</strong></span> <span class='ocrx_word' id='word_1_281' title='bbox 1679 4144 1990 4213; x_wconf 83' lang='lat' dir='ltr'><strong>videntur</strong></span> <span class='ocrx_word' id='word_1_282' title='bbox 2024 4143 2235 4212; x_wconf 85' lang='lat' dir='ltr'><strong>verba</strong></span> <span class='ocrx_word' id='word_1_283' title='bbox 2262 4142 2440 4209; x_wconf 77' lang='lat' dir='ltr'><strong>Pro-</strong></span> <span class='ocrx_word' id='word_1_284' title='bbox 2535 4154 2551 4172; x_wconf 75' lang='lat'>⁸</span> 
     </span>
     <span class='ocr_line' id='line_1_36' title="bbox 249 4243 2436 4336; baseline 0.002 -29"><span class='ocrx_word' id='word_1_285' title='bbox 249 4243 483 4313; x_wconf 86' lang='lat' dir='ltr'><strong>methei</strong></span> <span class='ocrx_word' id='word_1_286' title='bbox 506 4297 525 4330; x_wconf 88' lang='lat'><strong>‚</strong></span> <span class='ocrx_word' id='word_1_287' title='bbox 597 4270 772 4336; x_wconf 87' lang='lat' dir='ltr'><strong>quae</strong></span> <span class='ocrx_word' id='word_1_288' title='bbox 820 4249 941 4315; x_wconf 86' lang='lat' dir='ltr'><strong>etsi</strong></span> <span class='ocrx_word' id='word_1_289' title='bbox 977 4272 1115 4317; x_wconf 89' lang='lat' dir='ltr'><strong>non</strong></span> <span class='ocrx_word' id='word_1_290' title='bbox 1155 4250 1549 4318; x_wconf 85' lang='lat' dir='ltr'><strong>nominatim</strong></span> <span class='ocrx_word' id='word_1_291' title='bbox 1594 4271 1680 4316; x_wconf 79' lang='lat' dir='ltr'><strong>ex</strong></span> <span class='ocrx_word' id='word_1_292' title='bbox 1720 4248 1960 4316; x_wconf 89' lang='lat' dir='ltr'><strong>Soluto</strong></span> <span class='ocrx_word' id='word_1_293' title='bbox 2005 4247 2207 4314; x_wconf 84' lang='lat' dir='ltr'><strong>allata</strong></span> <span class='ocrx_word' id='word_1_294' title='bbox 2262 4253 2436 4323; x_wconf 87' lang='lat' dir='ltr'><strong>sunt,</strong></span> 
     </span>
     <span class='ocr_line' id='line_1_37' title="bbox 248 4346 2437 4445; baseline 0.001 -34"><span class='ocrx_word' id='word_1_295' title='bbox 248 4350 456 4415; x_wconf 81' lang='lat' dir='ltr'><strong>tamen</strong></span> <span class='ocrx_word' id='word_1_296' title='bbox 482 4350 647 4439; x_wconf 86' lang='lat' dir='ltr'><strong>quin</strong></span> <span class='ocrx_word' id='word_1_297' title='bbox 679 4350 771 4417; x_wconf 86' lang='lat' dir='ltr'><strong>ad</strong></span> <span class='ocrx_word' id='word_1_298' title='bbox 798 4350 977 4421; x_wconf 90' lang='lat' dir='ltr'><strong>hanc</strong></span> <span class='ocrx_word' id='word_1_299' title='bbox 1013 4352 1436 4445; x_wconf 83' lang='lat' dir='ltr'><strong>tragoediam</strong></span> <span class='ocrx_word' id='word_1_300' title='bbox 1481 4353 1860 4445; x_wconf 82' lang='lat' dir='ltr'><strong>pertineant</strong></span> <span class='ocrx_word' id='word_1_301' title='bbox 1903 4352 2014 4418; x_wconf 79' lang='lat' dir='ltr'><strong>vix</strong></span> <span class='ocrx_word' id='word_1_302' title='bbox 2050 4359 2276 4440; x_wconf 90' lang='lat' dir='ltr'><strong>potest</strong></span> <span class='ocrx_word' id='word_1_303' title='bbox 2304 4346 2437 4413; x_wconf 86' lang='lat' dir='ltr'><strong>du·-</strong></span> 
     </span>
     <span class='ocr_line' id='line_1_38' title="bbox 249 4444 2435 4547; baseline 0.003 -33"><span class='ocrx_word' id='word_1_304' title='bbox 249 4444 444 4519; x_wconf 85' lang='lat' dir='ltr'><strong>bitari.</strong></span> <span class='ocrx_word' id='word_1_305' title='bbox 544 4453 779 4525; x_wconf 90' lang='lat' dir='ltr'><strong>Habet</strong></span> <span class='ocrx_word' id='word_1_306' title='bbox 817 4478 900 4523; x_wconf 92' lang='lat' dir='ltr'><strong>ea</strong></span> <span class='ocrx_word' id='word_1_307' title='bbox 936 4456 1336 4547; x_wconf 84' lang='lat' dir='ltr'><strong>Plutarchus</strong></span> <span class='ocrx_word' id='word_1_308' title='bbox 1379 4455 1469 4524; x_wconf 87' lang='lat' dir='ltr'><strong>de</strong></span> <span class='ocrx_word' id='word_1_309' title='bbox 1495 4456 1766 4525; x_wconf 84' lang='lat' dir='ltr'><strong>fortuna</strong></span> <span class='ocrx_word' id='word_1_310' title='bbox 1792 4476 1864 4546; x_wconf 89' lang='lat' dir='ltr'><strong>p.</strong></span> <span class='ocrx_word' id='word_1_311' title='bbox 1900 4450 2023 4522; x_wconf 80' lang='lat'><strong>98.</strong></span> <span class='ocrx_word' id='word_1_312' title='bbox 2054 4450 2136 4521; x_wconf 86' lang='lat' dir='ltr'><strong>C.</strong></span> <span class='ocrx_word' id='word_1_313' title='bbox 2186 4449 2318 4523; x_wconf 73' lang='grc' dir='ltr'><strong>νῦν</strong></span> <span class='ocrx_word' id='word_1_314' title='bbox 2357 4449 2435 4522; x_wconf 79' lang='grc' dir='ltr'><strong>δὲ</strong></span> 
     </span>
    </p>
   </div>
  </div>
 </body>
</html>
