3259 5275
741 520 870 586 134
1430 515 1550 576 on
1618 500 2179 577 Manena
2223 508 2316 579 ἂν

749 708 971 801 aptius
1004 715 1107 775 est
1150 697 1280 779 5022
1322 728 1528 798 quam
1572 712 1694 779 ἵνα
1711 760 1740 794 ,
1805 713 1907 775 ut.
2012 703 2158 775 Sed
2204 698 2304 777 ἵν’
2341 702 2432 776 ἄν
2458 727 2670 794 quum
2711 704 2796 774 sit
2842 704 2985 775 fere

743 811 936 881 idem
968 806 1155 900 quod
1192 801 1320 881 ἐάν
1339 865 1367 898 ,
1420 809 1689 878 videtur
1718 807 1790 877 id
1819 808 2206 899 exquisitius
2234 830 2399 876 esse.
2478 808 2753 878 Eodem
2780 810 2989 878 modo

748 938 875 985 nos
900 911 1205 1005 wosern.

958 1015 1299 1084 Invenitur
1340 1020 1568 1083 autem
1613 1020 1734 1087 ἵνα
1749 1060 1771 1096 ,
1836 1010 1959 1081 ube·
2003 1014 2386 1107 significans
2402 1064 2425 1104 ,
2475 1021 2553 1082 ut
2595 1036 2726 1107 par
2779 1023 2886 1084 est
2923 1015 2990 1082 in

752 1144 830 1191 re
869 1118 1233 1214 praeterita
1262 1119 1463 1186 etiam
1499 1139 1654 1187 cum
1688 1116 1994 1209 optativo
2030 1126 2488 1187 constructum
2533 1118 2724 1210 apud
2779 1117 2989 1188 Calli-

755 1223 1073 1294 machum
1098 1221 1172 1296 h.
1200 1221 1395 1295 Dian.
1437 1220 1561 1295 27.

1419 1367 1688 1457 πολλας
1719 1375 1796 1448 δὲ
1825 1365 2069 1474 μάτην
2101 1368 2553 1450 ἐτανύσσατο
2590 1378 2836 1471 χεῖρας

960 1478 1277 1578 μέχρις
1237 1506 1359 1552 ινα
1391 1472 1762 1575 ψαύσειεν.

963 1626 1204 1702 Altera
1218 1632 1621 1726 significatio
1633 1631 1833 1701 huius
1848 1632 2134 1700 voculae
2163 1639 2266 1700 est
2280 1640 2383 1716 ut,
2435 1629 2559 1700 sed
2577 1655 2657 1699 ea
2670 1652 2807 1698 non
2825 1629 2992 1699 nihil

756 1733 1080 1805 differens
1108 1736 1197 1804 ab
1225 1734 1334 1816 ὥς.
1438 1736 1618 1805 Nam
1658 1736 1977 1828 proprius
2020 1735 2161 1804 eius
2208 1733 2632 1824 maximeque
2672 1734 2992 1825 frequens

755 1861 916 1915 usus
943 1848 1066 1923 est,
1117 1861 1328 1930 quum
1356 1839 1520 1931 quid
1549 1839 1769 1907 obiter
1795 1848 1864 1907 et
1893 1839 2187 1930 exempli
2215 1861 2451 1906 caussa
2477 1837 2795 1907 affertur:
2846 1848 2994 1906 tum

758 1942 1148 2034 simpliciter
1189 1942 1306 2010 fini
1364 1942 1778 2033 consilioque
1830 1940 2192 2010 indicando
2237 1943 2539 2012 inservit:
2622 1941 2747 2010 sed
2802 1941 2993 2034 apud

758 2046 1164 2136 antiquiores
1204 2055 1274 2114 et
1298 2045 1592 2115 melioris
1620 2056 1823 2115 notae
1852 2046 2212 2138 scriptores
2240 2068 2378 2114 non
2403 2055 2770 2138 usurpatur
2797 2068 2993 2113 com-

757 2150 1126 2243 parationis
1155 2173 1422 2237 caussa,
1474 2151 1614 2220 sive
1650 2171 2059 2245 praegresso
2102 2145 2376 2237 οὕτως,
2429 2149 2569 2217 sive
2604 2170 2744 2216 non
2785 2172 2993 2240 prae-

759 2276 1039 2346 gresso;
1089 2263 1164 2322 ut
1193 2255 1311 2339 sit,
1363 2253 1476 2324 ita
1515 2264 1633 2325 ut:
1676 2254 1865 2345 quod
1898 2254 2166 2322 labante
2197 2250 2474 2320 demum
2504 2252 2672 2321 flore
2718 2252 2995 2345 linguae

760 2356 1130 2425 admissum
1179 2357 1548 2459 iuvenitur
1613 2367 1687 2425 ut
1738 2356 1927 2449 apud
1974 2356 2413 2425 Plutarchum
2461 2354 2992 2449 Apophthegm.

760 2460 948 2554 Reg.
980 2482 1050 2551 p.
1083 2458 1255 2531 179.
1294 2459 1377 2528 Β.
1433 2460 1740 2551 aliosque
1770 2460 2214 2530 recentiores:
2265 2459 2644 2530 v.Dorvi11.
2681 2458 2772 2527 ad
2802 2459 2997 2529 Cha-

759 2563 866 2635 rit.
899 2586 973 2655 p.
1005 2558 1179 2630 562.
1221 2558 1430 2654 (544.
1463 2563 1572 2633 ed.
1600 2564 1822 2657 Lips.)
1878 2561 2263 2632 Observaut
2293 2571 2519 2631 autem
2549 2564 2995 2657 grammatici,

764 2689 972 2757 quum
1000 2675 1083 2736 ut
1121 2667 1455 2759 significat
1495 2675 1615 2740 ἵνα
1636 2722 1658 2759 ,
1709 2691 1848 2737 nou
1883 2668 2178 2737 construi
2211 2692 2253 2736 a
2290 2667 2598 2759 probatis
2642 2668 2994 2761 scriptori-

760 2769 890 2838 bus
919 2791 1075 2837 cum
1102 2768 1460 2840 indicativo
1494 2771 1734 2859 futuri,
1789 2771 1978 2863 quod
2012 2794 2229 2865 genus
2263 2771 2772 2840 constructionis
2801 2766 2995 2844 πάνυ

764 2868 1055 2965 ἀμαθὲς
1079 2883 1280 2942 vocat
1308 2874 1613 2943 Thomas
1645 2873 1750 2946 Μ.
1826 2876 1974 2944 Nec
2000 2875 2316 2967 profecto
2347 2875 2462 2965 qui
2496 2897 2651 2943 eam
2682 2884 2996 2943 constru-

765 2976 1056 3047 ctionem
1075 2975 1446 3046 defendere
1469 2978 1692 3046 conati
1709 2987 1881 3062 sunt,
1933 2987 2008 3046 ut
2031 2976 2493 3048 Abreschius
2475 3001 2542 3046 m
2557 2976 2759 3049 Misc.
2787 2975 2996 3047 Obss.

762 3101 918 3147 nov.
962 3077 1017 3148 1.
1055 3078 1276 3158 3,14.
1329 3081 1695 3150 Dorvillius
1723 3081 1813 3149 ad
1837 3080 2041 3151 Char.
2087 3104 2162 3173 p.
2186 3078 2361 3148 460.
2389 3078 2597 3171 (480.
2623 3079 2733 3154 ed.
2762 3080 2996 3174 Lips.)

764 3181 1001 3273 Toup.
1042 3180 1302 3274 Opusc.
1341 3184 1394 3252 l.
1426 3208 1502 3277 p.
1532 3183 1706 3254 438.
1735 3185 1820 3253 Π.
1847 3208 1919 3277 Ρ.
1954 3179 2127 3252 25Ί.
2232 3183 2581 3252 Ernestius
2610 3183 2702 3252 ad
2730 3183 2995 3254 Gallim.

761 3283 833 3353 h.
863 3283 1021 3360 Cer.
1051 3284 1220 3359 138.
1251 3287 1624 3379 quidquam
1653 3287 1835 3357 aliud
1859 3310 2063 3377 quam
2093 3295 2209 3354 aut
2228 3295 2580 3379 corruptos
2607 3296 2721 3356 aut
2749 3311 2997 3357 recen-

759 3388 1012 3456 tiorum
1058 3413 1438 3481 parumque
1480 3392 1936 3485 probabilium
1994 3392 2398 3483 scriptorum
2453 3391 2642 3460 locos
2691 3393 2996 3463 attulere.

761 3492 1008 3580 Neque
1048 3495 1119 3560 in
1158 3517 1430 3563 censum
1469 3496 1697 3565 retulit
1728 3496 1925 3564 istam
1973 3493 2533 3563 constructionem
2573 3496 2866 3587 scriptor
2909 3495 2999 3564 de

763 3596 1025 3683 syntaxi
1070 3596 1140 3663 in
1186 3595 1489 3668 Bekkeri
1535 3598 1797 3668 Anecd.
1848 3621 1922 3690 p.
1973 3594 2148 3670 149.
2252 3598 2646 3667 Novissimis
2703 3597 3000 3689 denique

762 3698 1183 3788 temporibus
1215 3700 1649 3770 observatum
1673 3711 1775 3771 est
1801 3725 1843 3768 a
1869 3701 2023 3770 viris
2054 3700 2303 3786 doctis,
2350 3707 2469 3773 ἵνα
2504 3709 2586 3770 ut
2608 3702 2998 3794 significans

762 3799 879 3866 ubi
908 3822 1065 3866 cum
1097 3803 1521 3873 coniunctivo
1564 3813 2021 3889 construatur,
2074 3805 2274 3872 etiam
2305 3805 2709 3895 particulam
2738 3805 2832 3877 ἄν
2870 3805 3000 3874 ad-

764 3903 1091 3993 spernari,
1143 3913 1218 3972 ut
1251 3908 1730 3977 aDoederlino
1769 3909 1839 3975 in
1867 3911 2020 3978 Act.
2053 3906 2333 3989 Moml.
2363 3931 2441 3999 Ρ.
2470 3906 2596 3982 3Ί.
2632 3909 2720 3977 ab
2752 3909 2999 3979 Elms-

760 4003 895 4072 leio
911 4004 1001 4072 ad
1015 4002 1194 4075 Oed.
1212 4007 1363 4078 col.
1388 4009 1562 4086 189.
1584 4014 1881 4102 aliisque.
1936 4012 2309 4080 Potuerant
2333 4012 2537 4080 etiam
2562 4011 3001 4081 indicativum

764 4116 836 4176 et
875 4108 1250 4201 optativum
1282 4114 1557 4184 addere.
1665 4117 1734 4184 N
1735 4139 1824 4183 on
1852 4114 2067 4207 magis
2097 4115 2272 4183 enim
2314 4116 2384 4183 in
2420 4113 2526 4184 his
2553 4116 2746 4184 verbi
2777 4117 3000 4185 modis

758 4209 1049 4383 {ldiectio
1084 4216 1456 4305 particulae
1491 4219 1583 4292 ἄν
1626 4219 1825 4288 certis
1858 4231 1927 4287 et
1955 4240 2092 4288 nou
2135 4217 2356 4287 dubiis
2393 4219 2720 4313 exemplis
2751 4221 2985 4290 defen·

808 4314 827 4333 ‘
852 4315 1124 4407 poterit.

960 4418 1139 4488 Illud
1171 4444 1333 4491 ,vero
1366 4426 1668 4493 omnium
1699 4424 1986 4492 maxime
2017 4424 2325 4493 mirabile
2358 4434 2491 4511 est,
2540 4423 2734 4516 quod
2759 4447 2986 4519 gram·

758 4521 989 4591 malici
1003 4524 1206 4593 etiam
1232 4521 1725 4622 αἰτιολογικόν
1742 4526 2109 4620 quemdam
2128 4527 2580 4622 significatum
2605 4528 2807 4600 huius
2829 4552 2995 4624 par·
