3259 5275
691 515 781 582 ,Β
1378 510 1496 573 ns
1563 501 2113 573 P'Anrmvm
2156 507 2250 576 ἂν

694 704 908 805 γικῆς.
1012 703 1348 777 omittunt
1374 704 1560 797 prius
1589 702 1682 776 ἄν
1713 704 1994 774 membr.
2021 703 2223 773 Bodl.
2262 711 2332 772 et
2351 712 2485 773 tres
2521 728 2562 773 e
2587 706 2916 776 tredecim

697 810 899 882 codd.
939 810 1265 884 Bekkeri.
1366 807 1579 901 Apud
1616 807 2048 877 Herodotum
2099 808 2153 876 Ι.
2207 805 2354 876 93(
2378 809 2585 901 vulgo
2627 814 2697 891 ἐς
2734 803 2785 883 δ’
2823 811 2920 883 ἄν

700 909 1231 1010 συνοικήσουσι.
1336 912 1478 983 Sed
1527 911 1806 1002 quidam
1851 911 2055 983 codd.
2097 920 2173 982 ut
2217 910 2565 981 Werferus
2609 914 2920 983 scriben-

698 1017 864 1086 dum
887 1019 1179 1105 monuit,
1232 1009 1727 1111 συνοικήσωσι.

903 1120 1116 1206 Quod
1162 1120 1218 1189 si
1248 1141 1577 1189 summam
1605 1115 1853 1187 horum
1867 1170 1889 1207 ‚
1942 1139 2116 1209 quae
2158 1116 2640 1211 disputavimus
2660 1169 2682 1208 ,
2735 1141 2919 1210 pau-
2975 1165 2986 1172 -

700 1224 793 1292 cis
845 1224 1149 1292 volumus
1201 1221 1782 1315 comprehendere
1795 1273 1816 1310 ,
1883 1223 1978 1291 sic
2018 1222 2143 1289 erit
2184 1221 2647 1291 statuendumt
2696 1223 2921 1315 primo

698 1317 911 1396 videri
952 1325 1043 1399 ἄν
1083 1327 1375 1394 construi
1415 1348 1618 1418 posse
1665 1348 1823 1393 cum
1861 1325 2092 1394 futuro
2123 1326 2192 1393 in
2227 1326 2603 1393 narratione
2633 1327 2734 1394 rei
2770 1325 2919 1393 for-

698 1431 940 1513 tuitae3
1000 1429 1245 1498 deinde
1286 1429 1601 1521 coniungi
1645 1451 1800 1497 cum
1848 1451 1967 1514 eo,
2032 1427 2157 1496 sed
2201 1449 2339 1497 non
2376 1437 2451 1495 ut
2497 1428 2580 1497 sit
2622 1438 2922 1498 constru-

701 1543 923 1623 ctum,
987 1553 1235 1625 posse,
1301 1532 1423 1600 ubi
1471 1531 1805 1628 pertineat
1863 1531 1952 1599 ad
2018 1531 2217 1599 aliam
2269 1532 2646 1620 notionem,
2714 1554 2925 1622 quam

700 1659 877 1726 quae
902 1636 971 1703 in
1010 1634 1200 1703 verbi
1240 1635 1469 1703 futuro
1509 1635 1717 1717 inest,
1772 1632 2145 1702 dummodo
2186 1657 2268 1703 ea
2308 1636 2455 1703 talis
2488 1635 2604 1722 sit,
2657 1642 2731 1702 ut
2772 1635 2926 1727 ipsa

698 1762 829 1832 per
853 1762 928 1808 se
959 1739 1062 1808 rei
1093 1737 1408 1807 lortuitae
1435 1760 1519 1806 ac
1550 1735 1797 1807 dubiae
1824 1737 2238 1846 notationem
2263 1747 2422 1831 apte
2447 1737 2746 1832 recipiat.

1757 1959 1877 2029 lx.

952 2092 1094 2168 De
1142 2093 1248 2171 οἷον
1301 2117 1499 2168 cum
1549 2095 2079 2168 indicativo
2110 2097 2678 2192 praesentis.

908 2247 1139 2345 Magis
1180 2274 1388 2343 quam
1433 2251 1674 2337 futuri,
1725 2254 2098 2343 praesentis
2143 2251 2484 2321 indicativi
2521 2253 2928 2321 constructio

704 2373 862 2434 cum
894 2355 1229 2448 particula
1275 2354 1368 2426 ἄν
1413 2364 1846 2423 controversa
1893 2364 2018 2423 est.
2115 2354 2293 2423 Eam
2343 2354 2655 2423 tuebatur
2702 2355 2927 2423 Brun-

704 2456 928 2544 ckius,
958 2479 1186 2547 ‚quem
1214 2457 1370 2526 vide
1403 2457 1493 2526 ad
1523 2456 1870 2550 Aristoph.
1921 2457 2096 2528 Plut.
2128 2456 2301 2527 885.
2333 2458 2463 2548 Eq.
2496 2455 2720 2526 1131.
2746 2458 2924 2530 Ach.

700 2558 878 2629 873.
946 2561 1224 2653 Negant
1264 2561 1717 2654 grammatici:
1786 2560 1875 2629 de
1915 2562 2158 2652 quibus
2205 2584 2415 2655 supra
2467 2560 2743 2630 dictum.
2847 2562 2930 2630 Si

701 2685 841 2755 qna
876 2672 978 2732 est
1008 2665 1212 2751 ratio,
1264 2688 1400 2755 qua
1441 2664 1534 2740 ἄν
1581 2687 1739 2733 cum
1783 2666 2153 2758 praesentis
2198 2666 2559 2734 indicativo
2608 2665 2931 2758 coniungi

699 2767 956 2860 possit,
1008 2789 1146 2836 non
1184 2778 1417 2860 potest
1461 2770 1592 2836 alia
1650 2790 1796 2837 esse
1817 2821 1838 2856 ‚
1891 2790 2099 2860 quam
2151 2768 2405 2862 duplex
2459 2768 2605 2855 illa,
2658 2768 2748 2838 de
2789 2792 2928 2858 qua

702 2869 913 2940 modo
940 2871 1011 2938 in
1039 2871 1244 2939 futuri
1271 2872 1719 2964 explicatione
1761 2869 2014 2940 dictum
2047 2879 2167 2943 est.
2269 2871 2413 2941 Sed
2452 2872 2522 2940 in
2564 2871 2702 2940 hoc
2748 2894 2928 2962 quo-

703 2997 842 3066 que
908 2997 1164 3067 genere
1231 2998 1482 3069 magna
1535 2998 1696 3068 pars
1756 2976 2223 3067 exemplorum
2281 2984 2601 3067 corrupta
2658 2984 2793 3061 est,
2858 2983 2933 3043 et

702 3100 910 3169 saepe
980 3077 1258 3167 quidem
1333 3079 1766 3147 metricorum
1830 3078 2153 3147 industria
2166 3074 2194 3165 ,”
2286 3078 2649 3167 aliquando
2728 3079 2932 3147 etiam

705 3181 1090 3249 criticorum
1128 3182 1465 3273 imperitia
1496 3182 1997 3273 grammaticae.
2095 3181 2236 3267 Qui
2267 3202 2528 3251 errores
2567 3181 2777 3250 hodie
2817 3182 2930 3250 vel

702 3285 945 3353 sublati
972 3293 1144 3373 sunt,
1185 3285 1296 3353 vel
1321 3285 1653 3355 removeri
1679 3307 1722 3352 a
1748 3286 1983 3374 quovis
2008 3294 2307 3375 possunt.
2367 3284 2546 3354 Vide
2576 3284 2926 3376 Aristoph.

700 3388 878 3457 Plut.
923 3385 1098 3460 883.
1147 3388 1329 3457 Nub.
1380 3383 1555 3457 395.
1604 3388 1780 3458 Rau.
1819 3385 2045 3458 1421.
2084 3385 2262 3457 Ach.
2308 3383 2479 3457 157.
2527 3389 2656 3457 Av.
2702 3386 2926 3456 1069.

699 3489 909 3581 Vesp.
943 3488 1116 3561 343.
1150 3490 1431 3560 Thesm.
1466 3490 1588 3560 99.
1644 3490 1922 3559 Stobaei
1955 3490 2175 3560 Serm.
2205 3490 2328 3562 ΙΙΙ.
2375 3488 2495 3559 75.
2539 3513 2609 3583 p.
2637 3489 2761 3578 44,
2806 3490 2927 3559 14.

698 3591 787 3660 V.
816 3590 938 3666 67.
964 3617 1032 3684 p.
1069 3589 1196 3677 69,
1230 3590 1300 3663 8.
1347 3593 1533 3663 XCI.
1571 3592 1692 3661 24.
1719 3617 1792 3686 p.
1822 3590 1997 3677 503,
2034 3590 2153 3662 29.
2208 3593 2449 3663 cvm
2482 3590 2603 3664 59.
2647 3617 2722 3686 p.
2751 3589 2929 3680 571,

699 3693 824 3767 16.
879 3694 1092 3765 CXX.
1137 3692 1257 3763 36.
1309 3696 1553 3789 Eclog.
1595 3697 1649 3764 1.
1693 3694 1764 3764 8.
1809 3722 1881 3791 p.
1926 3693 2097 3765 126.
2161 3697 2508 3788 Euripidis
2549 3686 2819 3767 versum
2859 3698 2929 3765 in

697 3797 810 3867 El.
844 3795 1065 3871 1121.
1098 3800 1380 3893 egregia
1408 3799 1878 3870 emendatione
1904 3799 2161 3870 sanavit
2188 3799 2286 3869 lo.
2315 3801 2458 3869 Vlr.
2484 3799 2724 3886 Faesi,
2773 3799 2929 3869 Tu-

697 3922 1006 3973 ricensis:

1036 4052 1255 4157 ὅρᾷςς
1309 4054 1433 4133 ἄν’
1464 4053 1561 4132 αὖ
1590 4051 1681 4133 σύ
1711 4061 2047 4156 ζωπυρεῖς
2073 4055 2255 4155 ἄλγη
2282 4052 2411 4132 υἱέα
2432 4081 2447 4097 ·

698 4203 743 4303 i.
776 4234 835 4281 e.
871 4207 1373 4307 α’ναζωπυρεῖς.
1483 4212 1684 4298 Quae
1732 4209 2067 4280 Matthiae
2113 4211 2183 4279 in
2215 4234 2320 4304 gr.
2354 4209 2477 4280 Gr.
2528 4205 2600 4308 §.
2649 4206 2823 4280 598.
2867 4235 2927 4284 c.

702 4315 950 4400 attulit,
1021 4313 1242 4381 aliena
1293 4321 1478 4403 sunt,
1541 4325 1815 4409 praeter
1851 4315 2147 4384 Platonis
2198 4315 2425 4384 locum
2463 4316 2532 4384 in
2576 4315 2793 4384 Alcib.
2840 4314 2928 4383 11.

701 4441 775 4510 p.
802 4416 975 4487 142.
994 4417 1077 4486 Ε.
1108 4417 1226 4485 ubi
1253 4440 1433 4486 nunc
1457 4420 1637 4512 γοῦν
1668 4440 1800 4511 pro
1830 4414 1902 4512 γ’
1933 4419 2026 4490 ἄν
2052 4418 2442 4490 restitutum.
2492 4418 2701 4510 Apud
2733 4440 2932 4486 eum-

705 4521 866 4591 dem
903 4521 991 4591 de
1026 4520 1251 4634 Legg.
1282 4519 1352 4590 l.
1396 4521 1513 4590 14.
1551 4546 1625 4616 p.
1660 4519 1835 4611 647,
1860 4522 1944 4593 A.
1987 4530 2172 4592 recte
2196 4522 2462 4604 Astius‚
2514 4517 2640 4620 ἆρ’
2678 4517 2766 4595 οὐ
2807 4522 2934 4593 καὶ
