3259 5275
468 557 477 570 ἱ
617 487 664 547 ⁶
828 455 833 462 ’
1297 470 2140 540 nssranrlcvmaev

619 668 905 743 Aemilio
959 692 1018 738 c.
1073 665 1195 738 32.
1244 663 1438 755 μετοὶ
1479 667 1560 743 δὲ
1607 694 1739 749 τας
1772 657 2231 762 ὁπλοφόρους
2271 660 2552 759 amitae
2587 663 2838 763 ἄνδρες

566 781 575 792 ‘
621 767 1062 869 ἐπορεύοντο
1107 770 1527 867 τριςχίλιοι,
1586 764 1921 864 νόμισμα
1964 771 2306 864 φέροντες
2345 765 2706 864 α’ργυροῦν
2759 778 2838 844 ἐν

622 873 933 970 ἀγγείοις
959 870 1415 956 ἑπτακοσίοις
1443 867 1896 997 πεντήκοντα
1933 865 2470 967 τριταλάντοις,
2524 902 2627 944 ων
2660 879 2836 946 ἕκα-

518 1004 525 1008 ·
622 1004 800 1054 στον
853 971 999 1049 α’να
1041 979 1384 1071 τέσσαρες
1423 971 1777 1069 ἐκόμιζον.
1881 974 1991 1044 Ex
2029 974 2161 1042 hac
2218 975 2424 1066 igitur
2468 975 2838 1044 adverbiali

618 1088 953 1174 potestate
981 1081 1495 1174 praepositionis
1522 1074 1666 1152 οἶνοί
1685 1132 1714 1168 ,
1767 1076 2201 1172 significantis
2240 1078 2635 1148 secundum
2648 1129 2668 1165 ‚
2721 1101 2839 1146 or-

618 1193 765 1252 tum
794 1183 1060 1252 videtur
1085 1181 1197 1255 ἄν.
1258 1185 1438 1252 Nam
1466 1182 1879 1275 praepositio
1912 1182 2302 1275 priusquam
2327 1181 2397 1248 in
2425 1183 2838 1250 coniunctio-

620 1308 778 1355 nem
813 1289 1111 1355 vertatur'
1131 1336 1152 1373 ,
1209 1286 1280 1355 in
1321 1286 1718 1355 adverbium
1764 1285 2004 1353 abierit
2048 1305 2324 1352 necesse
2353 1293 2495 1370 est,
2527 1286 2708 1375 »quia
2746 1285 2840 1352 sic

621 1389 896 1466 demum
936 1389 1076 1458 sine
1107 1391 1379 1460 nomine
1409 1389 1611 1458 inseri
1646 1387 1930 1457 orationi
1955 1394 2200 1480 potest.
2267 1387 2370 1455 Ita
2403 1410 2488 1456 ex
2515 1389 2685 1483 πέρι
2711 1388 2839 1454 ad-

620 1492 879 1574 verbio,
931 1490 1123 1581 quod
1157 1502 1259 1562 est
1283 1492 1529 1579 valde,
1581 1491 1764 1559 facta
1793 1499 1896 1560 est
1936 1489 2318 1558 coniunctio
2355 1491 2518 1584 πέρ,
2567 1513 2838 1583 quam-

619 1595 752 1668 vis.
821 1595 1033 1687 Igitur
1065 1617 1274 1684 quum
1304 1593 1672 1688 parn’culae
1700 1593 1791 1667 ἄν
1824 1616 1905 1661 ea
1927 1593 2180 1683 ubique
2212 1594 2311 1661 vis
2341 1593 2445 1677 sit,
2495 1603 2572 1660 ut
2594 1593 2685 1661 ad
2713 1593 2840 1660 ali-

621 1720 828 1788 quam
857 1698 1309 1768 conditionem
1339 1697 1688 1785 referatur,
1742 1719 1918 1786 quae
1949 1694 2245 1763 conditio
2277 1717 2483 1787 saepe
2517 1695 2840 1788 adiungi--

620 1811 750 1886 tur,
778 1801 894 1869 ubi
927 1810 1152 1868 autem
1180 1822 1318 1869 non
1335 1808 1437 1869 est
1462 1798 1717 1880 addita,
1747 1808 1974 1867 tamen
2004 1798 2286 1889 cogitari
2301 1798 2526 1886 debet,
2556 1808 2745 1890 patet
2771 1798 2842 1866 i‹l

620 1905 844 1995 ipsum
875 1926 1002 1996 per
1032 1903 1601 1995 praepositionem
1626 1895 1773 1973 α’νοῖ
1802 1900 2106 1970 disertius
2135 1900 2448 1968 indicari.
2511 1911 2589 1969 ut
2631 1923 2842 1991 quum

621 2005 902 2074 dicimus
919 2000 1326 2127 ἐβουλόμην
1356 2003 1478 2096 ἄν,
1513 2030 1578 2077 ει
1567 1998 1993 2127 ’ἐδυνάμην,
2023 2003 2190 2092 quid
2214 2002 2288 2071 id
2309 2002 2488 2071 aliud
2520 2012 2623 2073 est
2637 2027 2843 2095 qnam

621 2100 1027 2203 ἐβουλόμην
1057 2101 1204 2180 οἴνα
1233 2108 1497 2200 τοῦτο,
1558 2109 1633 2179 εἰ
1623 2100 2085 2228 ἑδυναμηνῖ
2134 2114 2250 2174 aut
2293 2109 2505 2235 quum
2559 2130 2694 2175 non
2732 2107 2841 2175 di-

546 2213 564 2310 ζῇ
626 2219 805 2280 serte
849 2210 1111 2279 adiecta
1139 2209 1521 2280 conditione
1554 2202 1685 2282 ἐαν
1714 2210 1920 2304 λέγῃ,
1972 2205 2162 2277 vel*
2117 2235 2301 2281 οταν
2333 2195 2550 2305 steyn,
2606 2209 2716 2279 vel
2766 2209 2843 2292 ὃς

539 2360 553 2378 ,
622 2342 715 2385 αν
742 2314 952 2407 λέγῃ,
1006 2311 1168 2402 quid
1199 2312 1379 2380 aliud
1407 2333 1612 2401 quam
1645 2312 1715 2382 εἰ
1740 2312 1904 2407 λέγῃ
1938 2303 2085 2382 α’να
2109 2312 2337 2384 τοῦτο
2357 2366 2385 2402 ,
2439 2313 2670 2405 λέγειν
2697 2340 2842 2384 αυ-

539 2490 545 2500 ,
619 2407 783 2502 τόν,
836 2423 907 2482 ει
931 2411 1059 2487 ὅτε
1091 2414 1254 2511 λέγῃ
1287 2408 1431 2487 dvo?
1456 2413 1707 2494 τοῦτο,
1759 2414 1990 2504 λέγειν
2023 2414 2232 2501 ποτέ,
2289 2423 2357 2482 et
2389 2412 2466 2494 ὃς
2499 2416 2665 2511 λέγη
2699 2409 2844 2488 οἷνα

618 2517 848 2589 τοῦτο
868 2569 897 2605 ,
951 2517 1179 2608 λέγειν
1209 2489 1439 2589 bavai?
1488 2515 1594 2584 Ila
1637 2523 1962 2605 apparet,
2012 2515 2412 2606 Pamculam
2462 2544 2554 2589 ‘²⁹
2600 2516 2842 2586 ⁰⁰¹¹&-

618 2619 801 2689 tione
845 2618 1162 2689 addenda
1205 2618 1278 2687 id
1316 2617 1505 2710 quod
1548 2617 1741 2688 aliter
1790 2626 2051 2687 certum
2104 2617 2588 2710 definitumque
2642 2629 2841 2707 esset,

619 2723 947 2792 incertum
977 2732 1044 2791 et
1073 2724 1404 2792 infinitum
1442 2721 1755 2795 reddere.
1863 2721 1957 2790 Vt
1985 2743 2197 2809 quum
2227 2719 2305 2803 ὂς
2331 2725 2497 2817 λέγῃ
2542 2723 2842 2813 dicimus,

621 2834 724 2917 est
752 2825 824 2892 id
870 2826 935 2895 is
983 2827 1105 2919 qui
1150 2826 1391 2919 dicat,
1431 2825 1621 2916 quod
1665 2832 1768 2893 est
1806 2824 2103 2906 finitum3
2157 2824 2235 2904 ὃς
2272 2823 2364 2895 ἄν
2395 2827 2558 2922 λέγῃ
2587 2837 2840 2911 autem,

621 2928 1042 3022 quicumque
1100 2928 1343 2999 dicat.
1331 2954 1349 2973 ·
1413 2927 1609 3049 quod·
1642 2937 1742 2996 est
1783 2927 2147 3015 infinitum,
2201 2927 2515 3017 quoniam
2560 2930 2651 2997 ad
2692 2953 2842 2999 eam

508 3038 513 3045 '
618 3031 1024 3120 notionem,
1036 3055 1245 3123 quae
1297 3032 1701 3125 pronomine
1745 3031 2119 3099 continetur
2139 3078 2160 3113 ‚
2230 3029 2524 3098 conditio
2578 3033 2844 3100 accedit

619 3135 966 3203 veritatem
997 3137 1095 3204 rei
1126 3160 1166 3206 e
1216 3159 1377 3205 casu
1413 3135 1692 3203 fortuito
1730 3132 2164 3224 suspendens.
2272 3132 2469 3200 Vnde
2513 3136 2843 3225 particula

615 3236 740 3307 ista
785 3237 966 3306 dicta
1012 3249 1112 3309 est
1164 3262 1211 3308 a
1258 3237 1714 3332 grammaticis
1758 3229 2151 3329 σύνδεσμος
2200 3230 2660 3332 οἷναιρετικος
2702 3240 2844 3314 τοῦ

618 3334 1017 3433 γεγονότος.

1686 3547 1771 3615 ll.

1055 3695 1224 3767 De
1328 3698 2393 3769 collocatione.

818 3848 934 3917 Ad
971 3848 1483 3921 collocationem
1530 3852 1717 3944 quod
1756 3853 2023 3941 attinet,
2092 3858 2332 3918 neutra
2377 3849 2714 3939 particula
2745 3852 2840 3919 ·in

579 3951 949 4046 'principio
984 3954 1293 4022 orationis
1334 3957 1496 4047 poni
1528 3964 1788 4049 potest,
1851 3976 1987 4023 non
2030 3974 2440 4044 praegressa
2472 3952 2600 4019 alia
2648 3975 2838 4022 voce.

613 4054 900 4143 Vtrique
950 4055 1127 4123 enim
1166 4057 1339 4125 inest
1377 4058 1713 4149 quaedam
1754 4056 2118 4126 sentcntiae
2165 4054 2573 4141 debilitatio,
2629 4078 2842 4144 quum

615 4157 803 4248 quod
830 4156 1020 4225 aliter
1047 4157 1136 4227 de
1153 4181 1289 4227 una
1313 4185 1388 4231 re
1418 4171 1601 4231 certa
1619 4162 1978 4249 diceretur,
2009 4157 2100 4225 ad
2130 4159 2421 4245 aliquam
2455 4181 2494 4224 e
2521 4157 2832 4248 pluribus

613 4261 881 4329 incertis
905 4260 1110 4328 rebus
1140 4264 1523 4336 transferat:
1552 4265 1735 4334 unde
1764 4257 1823 4331 ei
1845 4285 1981 4331 non
2011 4269 2238 4352 potest
2269 4260 2387 4328 nisi
2409 4259 2840 4329 secundarius

518 4354 554 4402 '²‘
614 4364 851 4454 aliquis
881 4364 950 4430 in
981 4365 1283 4434 oratione
1304 4368 1497 4437 locus
1534 4366 1834 4436 concedi.
1900 4367 2138 4453 ltaque
2165 4363 2287 4457 has
2321 4361 2684 4452 particulas
2726 4375 2842 4432 aut

610 4477 770 4558 post
829 4465 993 4535 illud
1050 4466 1368 4558 verbum,
1434 4471 1524 4540 ad
1578 4471 1763 4561 quod
1808 4468 2190 4562 pertinent,
2239 4476 2354 4533 aut
2390 4474 2547 4556 post
2602 4488 2840 4535 eorum
