3259 5275
764 487 891 550 186
1431 480 1551 544 ΒΕ
1620 482 2168 545 PARTICVLA
2210 477 2304 547 ἄν

765 660 1218 768 πράττουσιν
1264 673 1623 767 ἐπιτιμᾷς.
1728 673 1811 742 ld
1863 695 2025 743 vero
2070 696 2208 743 non
2254 673 2461 762 illud,
2525 675 2715 765 quod
2772 676 2979 746 modo

766 777 1112 862 dicebam,
1168 776 1566 868 significabit
1583 826 1606 864 ,
1659 777 1781 846 sed
1808 776 2154 871 facturis
2169 827 2189 864 ,
2233 778 2344 845 vel
2358 776 2637 871 facere
2675 781 2977 850 volenti-

766 877 935 963 bus,
986 880 1028 948 i.
1060 902 1117 946 e.
1150 877 1202 949 οἳ
1232 873 1630 975 πράττοιεν
1673 878 1785 952 ἄν.
1893 883 2223 953 Ν11111111111
2253 880 2458 949 fallax
2488 883 2825 971 quaedam
2870 907 2976 951 ra-

765 983 859 1050 tio
896 982 1090 1050 istam
1120 982 1509 1073 opinionem
1539 986 1814 1076 peperit
1829 1040 1848 1074 ,
1910 978 2003 1055 ἂν
2037 983 2392 1076 participio
2432 986 2730 1055 iunctum
2771 988 2977 1079 signi-

763 1087 971 1155 ficare
1004 1084 1188 1153 idem
1230 1085 1419 1174 quod
1460 1088 1524 1157 εἰ
1562 1109 1719 1154 cum
1754 1087 1966 1156 verbo
1997 1089 2203 1156 finito.
2309 1088 2488 1156 Nam
2535 1090 2653 1157 ubi
2697 1091 2977 1158 verbum

762 1188 1123 1280 participio
1162 1188 1546 1257 adiunctum
1593 1212 1749 1258 cum
1788 1189 1879 1262 ἄν
1921 1191 2376 1259 consociatum
2424 1202 2566 1281 est,
2620 1216 2779 1261 sane
2824 1217 2975 1285 par-

761 1293 1255 1385 ticipiumfium
1303 1292 1396 1363 οἲν
1435 1294 1527 1360 ita
1562 1295 1733 1362 verti
1768 1302 2037 1384 potest,
2088 1294 2214 1362 sed
2259 1316 2398 1362 non
2438 1305 2663 1364 tamen
2696 1298 2854 1386 quia
2888 1296 2978 1368 ἄν

761 1395 823 1464 ei
854 1404 956 1463 est
986 1394 1312 1482 additum,
1365 1395 1486 1463 sed
1513 1398 1691 1487 quia,
1744 1397 1800 1466 si
1829 1398 2202 1488 principale
2229 1399 2512 1466 verbum
2538 1422 2669 1490 per
2689 1399 2780 1470 ἄν
2813 1423 2977 1468 con-

760 1499 1147 1567 ditionalem
1186 1502 1580 1568 sententiam
1622 1502 1947 1594 praebet,
1982 1489 2197 1569 vetiam
2246 1511 2475 1593 partes
2517 1505 2660 1572 eius
2709 1513 2975 1571 senten-

757 1602 887 1670 tiae
910 1602 1080 1671 tales
1112 1612 1281 1671 sunt.
1390 1603 1572 1672 Vtin
1605 1602 1978 1695 Lysistrata
2006 1628 2068 1687 V,
2099 1602 2270 1672 31⁰.

1752 1784 1871 1828 και
1902 1750 2241 1836 πολλάκις
2270 1754 2561 1830 ἔνδον
2511 1785 2603 1829 αν
2636 1752 2857 1829 οὖσαι

962 1851 1373 1955 ἠκούσαμεν
1405 1855 1498 1932 ἄν
1533 1886 1607 1931 τι
1639 1860 1865 1939 κακῶς
1906 1858 2092 1951 ὑμᾶς
2121 1860 2741 1952 βουλευσαμένους
2786 1862 2970 1952 μέγα

1992 1962 2315 2059 πρᾶγμα.

753 2113 847 2182 Et
892 2112 1131 2182 istud
1111 2136 1336 2205 ipsum
1387 2115 1739 2202 Isocratis,
1793 2116 1849 2183 si
1887 2117 1981 2183 sic
2025 2115 2249 2202 dicaS,
2301 2114 2352 2186 οἳ
2402 2120 2557 2195 τοῖς
2600 2113 2837 2195 ἄλλοις
2882 2144 2970 2187 αν

753 2211 1209 2313 πράττουσιν
1234 2213 1623 2315 ἐπιτιμῴης
1653 2216 1766 2290 ἄν.
1872 2218 2124 2288 Contra
2150 2227 2336 2287 reete
2362 2241 2518 2286 cum
2554 2215 2687 2289 κᾶν
2701 2273 2729 2306 ,
2782 2220 2968 2310 prin-

756 2321 955 2412 cipali
983 2320 1195 2389 verbo
1225 2323 1366 2389 sine
1393 2322 1776 2390 conditione
1801 2324 2048 2414 posito.
2094 2321 2317 2415 Soph.
2351 2321 2608 2393 Traeh.
2642 2320 2870 2390 11⁰7.

965 2469 1131 2546 ἀλλ’
1157 2468 1240 2547 εὖ
1270 2475 1356 2566 γε’
1379 2500 1502 2547 τοι
1522 2468 1694 2549 τόδ
1728 2503 1926 2566 ιστε,
1982 2475 2114 2548 κᾶν
2143 2503 2231 2548 το
2218 2467 2486 2596 μηδὲν
2520 2473 2663 2554 ὦν,

959 2575 1093 2648 κᾶν
1123 2577 1347 2699 μηδὲν
1385 2583 1659 2672 ἕρπων,
1710 2572 1846 2675 τήν
1875 2608 1954 2675 γε
1981 2571 2356 2677 δράσασαν
2384 2571 2561 2651 ἰα’δε

960 2673 1410 2776 χειρώσομαι
1441 2678 1572 2754 κοὶκ
1604 2682 1851 2755 τωνδε.

750 2834 927 2903 Nam
976 2856 1206 2902 sensus
1249 2844 1388 2924 est,
1439 2827 1923 2931 χειρώσομαι,
1986 2831 2104 2906 καὶ
2150 2831 2241 2905 ἄν
2290 2836 2361 2906 εἰ
2398 2832 2621 2927 μηδὲν
2664 2836 2812 2933 εἴην
2853 2834 2969 2907 καὶ

750 2937 978 3033 μηδὲν
1013 2942 1344 3030 ἔρποιμι,
1400 2937 1909 3034 χειρωσαίμην.
2016 2938 2173 3006 Νοιι
2211 2947 2381 3030 puto
2415 2946 2639 3004 autem
2677 2966 2769 3009 αν
2798 2961 2968 3029 par-

752 3041 983 3131 ticipio
1013 3039 1318 3108 additum
1342 3042 1452 3109 vel
1471 3042 1729 3109 nomini
1748 3091 1771 3129 ,
1822 3040 1911 3108 ad
1937 3040 2151 3130 quod
2158 3031 2667 3132 intelligendum
2697 3052 2821 3124 est,
2874 3043 2968 3109 sic

752 3145 1074 3237 explicari
1108 3167 1315 3235 posse
1361 3154 1437 3213 ut
1481 3145 1934 3213 coniunctivus
1992 3145 2457 3230 substituatur,
2528 3144 2644 3233 qui
2697 3145 2970 3230 modim,

748 3260 823 3316 ut
858 3271 1066 3340 supra
1091 3247 1375 3337 dictum,
1426 3270 1563 3317 non
1593 3249 1772 3318 solus
1797 3271 1926 3340 per
1965 3270 2038 3316 se
2073 3249 2479 3315 construitur
2505 3270 2662 3315 eum
2691 3271 2774 3316 ea
2799 3272 2969 3341 par-

748 3353 972 3426 ticula.
1076 3351 1315 3442 Itaque
1362 3376 1423 3424 e.
1484 3377 1540 3423 c.
1587 3350 1833 3431 συθεὶς
1883 3378 1973 3423 αν
2014 3373 2151 3418 non
2191 3352 2445 3442 poterit
2486 3350 2619 3418 dici
2664 3374 2797 3443 pro
2839 3346 2969 3424 ἐοῖν

751 3456 1014 3550 συθῇς,
1061 3465 1176 3523 aut
1208 3454 1251 3528 ὁ
1286 3456 1533 3535 συθεὶς
1567 3452 1698 3541 ἄν,
1750 3475 1883 3545 pro
1917 3453 1994 3533 ὂς
2038 3452 2129 3527 ἄν
2167 3453 2402 3548 συθῇ,
2453 3453 2611 3544 quia
2640 3477 2778 3523 non
2802 3465 2968 3546 pot-

750 3568 850 3625 est
877 3558 1010 3626 diei
1038 3562 1110 3631 εἰ
1142 3559 1371 3654 συθῇς
1403 3557 1531 3637 ἄν,
1589 3557 1667 3638 ὸς
1705 3557 1903 3652 συθῇ
1933 3555 2043 3631 ἅν.
2150 3556 2357 3624 Aliud
2399 3567 2501 3625 est
2542 3555 2799 3637 οτιοῦν
2842 3557 2965 3647 ἄν,

748 3660 936 3750 quod
979 3683 1187 3750 quum
1218 3661 1628 3731 Sehaeferus
1673 3660 1862 3752 apud
1894 3659 2248 3730 Demosth.
2278 3683 2352 3751 p.
2390 3659 2562 3745 192,
2600 3659 2718 3729 22.
2760 3662 2830 3728 111
2860 3661 2966 3729 his

746 3763 1005 3852 verbiS,
1059 3767 1130 3838 εἰ
1161 3761 1252 3838 <52
1265 3763 1446 3860 ὑπέρ
1473 3792 1553 3859 γε
1581 3764 1728 3837 τοῖν
1770 3763 2064 3836 δικαίων
2093 3764 2210 3836 καὶ
2237 3768 2602 3854 πολεμεῖν,
2655 3791 2749 3835 αν
2781 3790 2965 3836 του-

746 3891 882 3939 του
914 3871 1076 3965 δέῃ,
1131 3868 1250 3940 καὶ
1286 3861 1591 3958 πάσχειν
1620 3866 1875 3941 οτιοῦν
1905 3867 1997 3938 ἂν
2028 3869 2278 3939 οἴεσθε
2307 3867 2571 3963 χρῆναι
2591 3920 2621 3955 ,
2672 3868 2801 3935 nisi
2827 3867 2963 3935 de·-

745 3970 994 4057 leatur,
1048 3972 1142 4038 sic
1180 3971 1654 4064 explicandum
1688 3979 1888 4063 putat
1917 3967 2175 4042 οτιοῦν
2202 3997 2293 4042 αν
2323 3965 2368 4065 ᾗ
2382 4018 2402 4053 ,
2452 3979 2683 4060 potest
2706 3969 2781 4038 id
2809 3971 2964 4059 qui-

745 4073 905 4141 dem
953 4075 1099 4142 fieri
1115 4126 1133 4161 ,
1187 4076 1240 4142 si
1279 4075 1562 4142 verbum
1595 4074 1763 4142 illud
1801 4096 1962 4142 vere
2008 4075 2327 4142 omissum
2360 4072 2795 4142 iudicandum
2839 4084 2962 4156 est,

744 4187 814 4245 at
859 4178 998 4245 veri
1041 4183 1265 4248 tamen
1320 4178 1591 4248 similius
1634 4200 1780 4246 esse
1820 4177 2142 4265 arbitror,
2193 4178 2571 4269 optativum
2613 4178 2963 4270 potiusm
2888 4178 2963 4244 in

742 4282 856 4349 illa
883 4281 1175 4350 formula
1219 4282 1537 4375 intelligi,
1592 4279 1848 4355 ὁτιοῦν
1890 4279 1980 4352 ἂν
2017 4279 2238 4378 χρείη.
2345 4280 2461 4349 Sic
2505 4304 2577 4371 p.
2614 4273 2959 4351 23111111.

742 4409 1036 4481 πρωτον
1058 4383 1274 4479 μὲν
1228 4413 1431 4477 υμεις
1446 4413 1638 4457 ουτω
1671 4385 2055 4472 διέκεισθε,
2109 4411 2282 4464 ωςτε
2312 4386 2599 4464 Φωκέας
2626 4385 2781 4506 μὲν.
2783 4376 2960 4475 ,Boti-

741 4492 1005 4562 λεσθαι
1051 4490 1418 4585 σωθῆναι,
1471 4487 1727 4585 καίπερ
1776 4482 1864 4560 οὐ
1903 4485 2145 4559 δίκαια
2187 4488 2580 4568 ποιοῦντας
2631 4513 2960 4583 ορωντες,
