3259 5275
776 462 908 526 142
1451 455 1565 519 οε
1635 454 2182 520 ΡΔιιτιονιΔ
2225 450 2323 524 ἂν

776 659 847 722 et
871 647 1013 725 Od.
1045 656 1099 736 ζ.
1133 644 1304 717 286.

979 802 1101 876 καὶ
1130 797 1202 878 δ’
1229 799 1407 898 ἄλλῃ
1440 796 1758 896 νεμεσαῗ,
1810 797 1969 900 ἧτις
2001 793 2321 874 τοιαίτοέ
2356 829 2439 897 γε
2472 804 2682 902 ρ’έζοι.

775 959 1039 1046 Quibus
1073 956 1142 1025 iu
1182 956 1346 1026 locis
1386 957 1797 1027 Schaeferus
1837 956 1908 1024 iu
1946 954 2182 1029 Melet.
2220 955 2362 1023 crit.
2398 978 2473 1049 p.
2511 955 2683 1028 122.
2716 961 2999 1031 coniun-

774 1065 1019 1131 ctivum
1050 1062 1291 1153 reponi
1326 1063 1620 1131 volebat.
1694 1062 1790 1131 At
1813 1069 2000 1129 recte
2033 1058 2287 1128 dictum
2316 1061 2536 1155 ρ’έζοι,
2587 1071 2663 1131 ut
2688 1062 2760 1131 in
2792 1063 2998 1153 facto,

774 1165 962 1257 quod
990 1167 1135 1255 quis
1168 1175 1390 1235 sumat
1411 1166 1578 1254 fieri,
1627 1187 1763 1258 pro
1806 1165 2019 1261 ρ’έζει,
2072 1161 2261 1253 quod
2295 1173 2472 1233 esset
2498 1163 2586 1232 de
2618 1188 2779 1236 vere
2815 1168 2998 1239 facto

775 1270 1047 1338 dictum.
1148 1264 1357 1366 Ῥέζῃ
1389 1270 1571 1338 enim
1600 1269 1692 1338 ad
1715 1268 2012 1337 futurum
2028 1266 2447 1356 ‘resa-retur,
2498 1268 2566 1339 εἰ
2597 1270 2758 1362 quie
2777 1271 2998 1366 feee-

769 1373 896 1444 rit.
1001 1371 1213 1456 Quod
1246 1375 1370 1441 etsi
1395 1373 1535 1442 istis
1566 1374 1637 1442 in
1663 1372 1828 1441 loeis
1856 1371 2081 1464 potuit
2108 1370 2271 1458 dici,
2325 1394 2463 1441 nou
2487 1373 2745 1464 placuit
2769 1385 3000 1446 tamen

772 1483 1021 1570 poetae
1040 1523 1062 1559 ‚
1116 1497 1269 1544 eam
1301 1478 1394 1545 ob
1448 1498 1758 1547 caussam
1772 1524 1795 1561 ,
1847 1475 2037 1566 quod
2076 1496 2213 1543 nou
2264 1475 2354 1544 de
2401 1476 2560 1547 solis
2603 1478 2847 1550 futuis
2889 1481 2998 1551 lo-

773 1580 1129 1671 quebatur.
1235 1579 1355 1649 Sic
1381 1580 1583 1650 etiam
1608 1578 1998 1672 Sophocles
2021 1579 2185 1652 Ant.
2214 1575 2394 1653 666.

831 1820 834 1825 ,
978 1728 1267 1808 ἀλλ’·ὃν
1294 1726 1502 1816 πόλις
1530 1727 1864 1830 στήσειε,
1917 1729 2058 1805 τοῦ
2091 1732 2169 1807 δὲ
2193 1727 2335 1832 χρῆ
2363 1730 2624 1810 κλύειν.

768 1890 855 1961 ld
881 1889 969 1958 de
996 1897 1184 1958 certo
1208 1888 1486 1975 dictum,
1530 1889 1787 1987 ἔστησε
1816 1887 2224 1978 requireret,
2205 1912 2224 1930 ·
2278 1886 2366 1957 de
2394 1911 2479 1957 eo
2507 1899 2752 1978 autem,
2791 1914 2998 1983 quem

769 1995 1029 2087 cogites
1061 1992 1232 2084 reip.
1260 1993 1688 2085 praefectum
1737 2013 1920 2077 esse,
1972 1992 2346 2083 optativum
2389 1991 2623 2069 habet.
2726 1996 2994 2066 Andoe.

768 2092 1002 2192 p..85
1037 2094 1250 2226 (154.
1283 2092 1364 2193 §'
1386 2096 1508 2168 19.
1545 2094 1812 2186 Bekk.)
1865 2090 2039 2186 ὕμιν
2069 2094 2147 2169 δὲ
2177 2090 2309 2167 οὐκ
2339 2094 2515 2169 εἰσιν
2541 2102 2823 2193 ἕτεροι,
2878 2095 2998 2196 ὑφ

770 2198 871 2275 ὥν
894 2198 1143 2273 αἰτίαν
1175 2200 1433 2290 ἔχοιτε.
1493 2223 1568 2293 Ρ.
1602 2198 1729 2271 90.
1783 2194 1992 2288 (158.
2024 2191 2096 2293 ὃ.
2145 2197 2251 2290 l.)
2306 2195 2427 2271 ὅτι
2460 2199 2537 2274 δὲ
2580 2207 2653 2275 οἱ
2693 2194 2999 2331 ῥήτορες

769 2304 877 2400 τῷ
896 2303 1050 2430 ’adv
1101 2296 1420 2396 όνόματι
1455 2302 1583 2400 τῆς
1617 2294 1895 2399 ειρῆνης
1922 2300 2417 2425 συγχωροῦσι,
2468 2309 2625 2386 τοῖς
2651 2307 2696 2377 δ
2760 2307 3000 2402 ἔργοις

770 2403 878 2501 ‹iq›
973 2434 1073 2478 ων
1127 2432 1170 2501 η
1228 2398 1473 2529 εἰρήνη
1534 2405 1825 2498 γένοιτο
1882 2404 2436 2494 ἐναντιοῦνται,
2501 2404 2732 2480 τοῦτο
2780 2413 2861 2484 δέ
2907 2436 2996 2483 ου

735 2502 1036 2588 ,πάντες
1081 2501 1559 2582 αι’σθανεσθε.
1660 2506 2017 2581 Demosth.
2070 2530 2145 2600 Ρ.
2191 2505 2419 2593 1214,
2461 2508 2532 2581 4.
2568 2514 2641 2595 ἐξ
2680 2506 2780 2583 ὦν
2826 2511 2999 2588 τίνα

770 2606 902 2686 οὐκ
938 2612 1227 2702 οἴεσθε,
1279 2641 1334 2686 ω
1369 2609 1623 2737 ἄνδρες
1654 2609 2034 2700 δικασταί,
2086 2616 2242 2693 τοῖς
2274 2605 2760 2738 στρατιώταις
2789 2612 2997 2693 εἶθ-υ-

766 2713 950 2810 μίαν
982 2718 1361 2808 έμπεσεΐν;
1402 2709 1638 2813 πόσην
1679 2717 1764 2790 δέ
1783 2742 1918 2807 μοι
1943 2742 2137 2807 μετα
2169 2715 2410 2788 ταῦτα
2440 2710 2837 2813 ἀπόλειψιν
2866 2749 2995 2814 γε-

770 2820 1036 2893 νέσθαι
1075 2812 1343 2909 πάλιν,
1396 2847 1544 2893 των
1593 2815 1917 2915 οέρχαίων
1961 2842 2248 2892 ναυτων
2290 2822 2995 2942 ταλαιπωρουμένων

768 2921 906 3017 μὲν
951 2916 1234 3012 πολλοί,
1300 2918 1820 3017 ὀφελουμένων
1874 2921 1953 2995 δὲ
1994 2923 2321 3017 βραχέα,
2376 2918 2515 2996 ὅσα
2555 2917 2694 3017 ἐγω
2737 2924 2996 3000 δυναί-

764 3052 915 3122 μην
962 3017 1242 3155 &uam-92·
1300 3019 1799 3118 δανειζόμενος
1844 3025 2238 3146 ἐπαρκέσαι
2289 3018 2470 3121 πρός
2515 3022 2585 3122 ᾦ
2591 3022 2994 3148 πρότερον

768 3124 966 3220 εἶχον
992 3124 1173 3254 nup:
1204 3129 1422 3222 ἐμοῦ,
1476 3128 1630 3202 ἐπεὶ
1662 3125 1708 3202 5
1732 3156 1814 3222 γε
1860 3153 2269 3225 στρατηγος
2302 3123 2470 3204 ουδε
2517 3122 2613 3204 τό
2646 3133 2739 3228 ἐφ
2751 3126 2993 3231 ἠμέ-

769 3258 908 3331 ραν
935 3226 1186 3313 αὐτοῖς
1214 3258 1498 3331 τροφην
1538 3231 1800 3328 διαρκῆ
1826 3231 2109 3314 ἐδίδους

970 3386 1082 3457 Ex
1117 3386 1223 3456 his
1270 3386 1470 3456 facile
1513 3386 1798 3457 iudicari
1830 3394 2099 3478 potest,
2152 3386 2499 3476 quomodo
2539 3386 2634 3455 illi
2690 3387 2822 3457 sint
2860 3389 2993 3458 loci

764 3489 1181 3584 intelligendi
1203 3544 1224 3581 ,
1275 3491 1345 3560 in
1380 3491 1622 3582 quibus
1656 3490 1991 3583 optativus
2031 3512 2187 3558 eum
2224 3499 2581 3582 praesente
2606 3492 2717 3559 vel
2764 3492 2990 3562 futuro

766 3593 958 3662 verbi
985 3594 1282 3685 primarii
1310 3595 1702 3663 coniunctus
1730 3603 1851 3667 est.
1921 3595 2364 3686 Apertissima
2391 3594 2570 3665 enim
2596 3594 2794 3665 huius
2823 3620 2989 3666 eon·

766 3698 1140 3766 structionis
1168 3699 1338 3768 ratio
1380 3706 1484 3767 est
1497 3746 1516 3782 ,
1571 3698 1972 3789 simulatque
2017 3699 2391 3791 optativum
2434 3722 2592 3768 eum
2630 3698 2989 3771 indicativo

765 3803 1298 3875 commutaveris.
1384 3800 1479 3872 Vt
1504 3801 1697 3874 Iliad.
1729 3805 1790 3876 δ.
1825 3799 1998 3870 262.

1760 3948 1891 4029 σόν
1928 3953 2005 4029 δὲ
2035 3955 2285 4028 πλεῖον
2317 3953 2530 4038 δέπας
2557 3953 2702 4029 αἰεὶ

970 4052 1266 4154 ἕστηχ’,
1322 4054 1548 4155 ὥσπερ
1584 4055 1799 4152 ἐμοί,
1853 4061 2123 4143 πιέειν,
2179 4055 2305 4131 ὅτε
2337 4051 2580 4152 θυμός
2611 4051 2905 4154 α’ναῖγοι.

762 4209 938 4285 343.

968 4361 1230 4464 πρώτω
1260 4359 1401 4464 γοῖρ
1425 4366 1547 4441 καὶ
1583 4361 1834 4451 δαιτός
1861 4362 2359 4456 ἀκουάζεσθον
2393 4371 2596 4463 ἐμεῖο
2615 4416 2640 4456 ,

969 4465 1251 4547 ὁππότε
1289 4474 1509 4547 δαῖτα
1534 4474 1873 4571 γέρουσιν
1898 4471 2412 4570 ἐφοπλίζωμεν
2434 4467 2756 4565 Ἀχαιοί.
