3259 5275
721 479 810 541 ω
940 453 951 462 ’
1397 473 1518 535 DE
1586 469 2138 533 PARTlchA
2181 466 2276 534 ἂν

727 688 813 736 ex
844 666 1028 735 nulla
1067 663 1448 734 conditione
1487 685 1901 756 suspensam.
2006 662 2246 732 Attulit
2286 655 2620 733 Matthiae
2662 658 2735 760 ὅ.
2780 659 2955 735 568.

728 778 864 840 not.
903 769 971 837 1.
1075 768 1441 861 Sophoclis
1465 767 1647 836 hoc
1627 790 1700 836 m
1727 765 1905 837 Oed.
1933 767 2021 835 R.
2054 761 2226 834 255.

935 917 1105 996 οὐδ’
1158 924 1229 994 εἰ
1276 916 1413 1020 γοῖρ
1469 917 1557 1018 ἦν
1608 948 1698 994 το
1753 922 2058 1043 πρᾶγμα
2111 912 2218 1015 μή
2269 912 2679 1017 θεήλατον,

935 1019 1369 1124 ἀκάθαρτον
1409 1022 1596 1119 ὑμᾶς
1648 1018 1832 1105 elude
1884 1020 1971 1121 ἦν
2024 1020 2250 1104 οὕτως
2302 1023 2472 1113 ἐᾶν,

730 1187 800 1249 et
837 1178 1306 1271 Xenophontis
1339 1176 1553 1249 Mem.
1589 1178 1665 1251 S.
1697 1177 1783 1245 Π.
1826 1174 1876 1243 Ἰ
1930 1175 2051 1245 16.
2109 1179 2173 1249 εἰ
2206 1175 2342 1268 μὲν
2368 1174 2622 1249 τοίνυν
2652 1171 2958 1274 αἰσχρόν

727 1382 836 1483 ἦν.
892 1403 895 1408 ·
938 1386 1318 1476 Vtrumque
1351 1392 1539 1453 recte
1588 1383 1865 1452 dictum.
1968 1384 2147 1450 Nam
2194 1392 2263 1450 et
2289 1405 2430 1451 non
2476 1383 2748 1475 expiare
2794 1407 2956 1452 cae-

730 1487 927 1579 dem,
981 1499 1051 1558 et
1105 1499 1308 1582 turpe
1354 1487 1521 1578 qnid
1562 1489 1792 1556 facere
1829 1487 2114 1578 impium
2147 1496 2327 1574 erat,
2378 1509 2781 1578 semperque
2812 1489 2958 1556 im-

727 1592 920 1685 pium
967 1602 1087 1661 est.
1191 1594 1430 1682 ltaque
1457 1601 1715 1660 tantum
1755 1592 1980 1677 abest,
2032 1600 2109 1658 ut
2146 1590 2320 1658 haec
2370 1590 2700 1658 anomalia
2739 1613 2956 1681 quae-

730 1697 890 1765 dam
934 1698 1052 1784 sit,
1104 1695 1683 1787 quemadmodum
1719 1693 2094 1762 Schaefero
2135 1693 2489 1762 videbatur
2512 1695 2581 1762 in
2606 1692 2956 1763 Meletem.

726 1824 799 1894 p.
849 1794 971 1867 55.
1019 1808 1096 1868 nt
1150 1799 1580 1868 certissimam
1622 1799 1855 1889 legem
1912 1796 2164 1864 habeat
2218 1798 2587 1890 particulae
2649 1800 2920 1868 omissio
2938 1823 2964 1868 τ

729 1904 915 1972 cuins
975 1903 1147 1996 legis
1209 1903 1537 1971 rationem
1586 1923 1721 1969 non
1771 1908 2209 1992 perspectam
2257 1924 2403 1969 esse
2456 1925 2499 1968 a
2556 1900 2957 1987 Schaefero‚

727 2006 1080 2075 manifesto
1112 2006 1342 2099 prodit
1378 2005 1724 2073 adnotatio
1766 1999 1889 2072 85.
1937 2027 2012 2096 p.
2040 2002 2211 2072 129.
2318 2006 2563 2094 Neque
2604 2006 2781 2073 enim
2821 2007 2959 2099 ipsi

726 2110 941 2179 verbo
986 2110 1124 2179 hoc
1165 2108 1597 2178 tribuendum
1643 2117 1780 2196 est,
1833 2106 2020 2197 quod
2065 2108 2393 2199 particula
2442 2131 2672 2176 carere
2705 2117 2956 2201 potest,

727 2214 851 2283 sed
880 2222 1111 2308 potest
1149 2213 1224 2282 id
1274 2222 1419 2281 tum
1460 2212 1737 2281 demum
1782 2212 1926 2280 fieri
1942 2261 1962 2297 ‚
2017 2233 2225 2301 quum
2263 2212 2372 2279 vel
2422 2212 2751 2280 verbum
2733 2235 2957 2305 ipsum

725 2341 865 2386 non
914 2326 1176 2386 tantum
1219 2316 1535 2385 auxiliare
1583 2325 1717 2403 est,
1770 2313 1894 2383 sed
1931 2313 2116 2383 idem
2162 2314 2352 2404 qnod
2390 2314 2550 2413 ἐξῆν
2597 2316 2956 2409 significat,

725 2429 803 2489 ut
855 2419 1044 2513 apud
1083 2417 1613 2488 Demosthenem
1663 2442 1734 2512 p.
1781 2413 1971 2508 656,
2041 2415 2110 2485 6.
2168 2422 2239 2490 εἰ
2274 2444 2416 2515 γαρ
2453 2417 2677 2516 μηδὲν
2724 2421 2957 2508 εἴχετο

725 2550 875 2597 ’των
921 2520 1154 2594 ἄλλων
1200 2521 1687 2614 λογίσασθαι,
1740 2516 1918 2618 μηδ’
1966 2517 2095 2614 ἐφ’
2144 2519 2348 2613 υμῶν
2396 2517 2639 2596 αὐτῶν
2687 2521 2836 2596 οἷοί
2872 2551 2956 2596 τε

727 2623 857 2716 ἦτε
913 2624 1154 2699 ταῦτα
1208 2631 1569 2711 συνεῖναι,
1639 2620 1752 2748 ἧν
1782 2626 1960 2697 ιδὲῖν
1988 2617 2480 2749 παράδειγμα
2521 2619 2958 2709 Ολυνθίους

724 2728 1110 2808 τουτουσί,
1168 2735 1249 2802 οἲ
1283 2727 1361 2802 τί
1402 2719 1877 2827 πεποιηκότος
1910 2722 2159 2808 αὐτοῖς
2210 2727 2579 2800 Φιλίππου
2624 2728 2771 2809 πῶς
2817 2726 2953 2803 αὐ-

719 2861 825 2927 τῳ
800 2832 1283 2931 κέχρηνται·
1256 2888 1278 2924 ,
1332 2832 1444 2899 vel
1470 2831 1589 2899 ubi
1631 2830 2037 2899 adiectivum
2065 2829 2331 2898 accedit
2362 2831 2710 2916 eiusmodi,
2765 2834 2955 2923 quod

722 2904 979 3026 aliquid
1023 2958 1151 3028 per
1197 2959 1271 3004 se
1306 2958 1544 3005 verum
1578 2935 1948 3027 significat,
2002 2943 2077 3002 ut
2116 2955 2254 3001 non
2289 2934 2504 3026 possit
2547 2937 2955 3006 contrarium

724 3040 1116 3132 oppositum
1164 3040 1445 3132 cogitari
1463 3091 1483 3125 ‚
1550 3040 1757 3106 veluti
1805 3038 1873 3105 in
1924 3036 2062 3106 hoc
2109 3035 2471 3130 Sophoclis
2510 3038 2578 3106 in
2622 3036 2802 3109 oed.
2863 3042 2950 3110 R.

727 3141 949 3212 1368.
1003 3141 1192 3234 quod
1228 3142 1640 3212 Schaeferus
1679 3141 1914 3211 affert:

926 3296 1271 3394 κρείσσων
1315 3289 1456 3393 γοῖρ
1507 3291 1710 3393 ἦσθα
1760 3289 2018 3394 μηκέτ’
2071 3293 2211 3384 ὦν,
2265 3293 2312 3391 ἢ
2357 3276 2498 3381 ’ζῶν
2548 3290 2849 3391 τυφλός,

722 3450 909 3540 qnod
936 3449 1122 3519 idem
1169 3458 1271 3518 est
1299 3458 1502 3539 atque
1540 3453 1875 3547 κρεῖττον
1911 3443 2043 3547 ἦν,
2092 3441 2203 3545 μή
2233 3446 2359 3546 ζῆν
2394 3475 2514 3539 σε,
2570 3447 2616 3546 ἢ
2667 3445 2951 3544 τυφλόν

722 3550 944 3639 εἶναι,
998 3563 1065 3622 et
1090 3552 1346 3621 ibidem
1377 3548 1598 3621 1375.

924 3701 1086 3778 ἀλλ’
1148 3733 1191 3802 η
1247 3707 1513 3779 τέκνων
1568 3700 1737 3803 δῆτ’
1789 3702 1960 3801 ὄψις
2008 3699 2098 3802 ἦν
2151 3703 2513 3802 ἐφίμερος.

718 3860 965 3949 Neque
992 3859 1172 3927 enim
1206 3868 1323 3927 aut
1350 3855 1439 3932 οὐ
1465 3854 1811 3955 κρεῖττον
1835 3853 1925 3953 ἦν
1943 3905 1964 3944 ,
2016 3865 2134 3927 ant
2161 3852 2291 3932 οὐκ
2323 3853 2411 3955 ἦν
2440 3855 2781 3957 ἐφίμερος
2812 3881 2943 3952 ΟΡ·-

716 3964 880 4056 poni
931 3971 1194 4056 potest,
1249 3962 1371 4031 sed
1422 3962 1739 4055 opposita
1778 3962 2198 4054 cogitantur,
2252 3969 2336 4030 at
2373 3984 2640 4032 caecus
2692 3984 2809 4032 es:
2864 3971 2950 4032 at

723 4089 943 4137 cares
976 4067 1336 4162 adspectu
1379 4065 1797 4136 liberorum,
1902 4065 2141 4155 Itaque
2186 4067 2386 4134 etiam
2430 4065 2651 4135 Latini
2692 4068 2763 4133 in
2809 4064 2948 4135 hoc

718 4193 973 4265 genere
1021 4194 1160 4240 non
1205 4169 1660 4259 coniunctim,
1707 4168 1829 4238 sed
1870 4168 2230 4238 indicativo
2279 4178 2554 4237 utuntur
2569 4220 2586 4248 ‚
2650 4167 2944 4260 licebat,

722 4272 1151 4368 oportebat,
1221 4296 1531 4367 aequum
1586 4282 1795 4362 erat,
1876 4280 1945 4341 et
1986 4294 2456 4363 quaecumque
2497 4282 2648 4341 sunt
2704 4272 2942 4341 huius-

719 4378 909 4448 modi
942 4378 1069 4447 alia
1104 4377 1423 4451 dicentes.
1509 4377 1620 4446 Ex
1646 4398 1785 4468 qno
1825 4385 2151 4469 apparet,
2204 4399 2423 4466 neque
2452 4377 2521 4444 in
2552 4376 2676 4444 illis
2712 4400 2945 4445 exem-

719 4484 887 4575 plis,
942 4505 1118 4573 qnae
1164 4482 1573 4552 Schaeferus
1614 4501 1684 4574 p.
1731 4477 1903 4550 129.
1943 4479 2178 4569 affert,
2234 4480 2447 4548 omitti
2486 4480 2789 4573 potuisse
2830 4476 2945 4567 ἄν,
