3259 5275
745 493 836 559 8⁶
1431 488 1547 552 DE
1593 487 2145 555 PARvaLA
2187 487 2286 558 ἃν

752 682 1105 784 ὀρφανίας
1137 689 1291 765 τοῖς
1330 682 1581 757 παισὶν
1618 684 1862 759 αἴτιον
1905 684 1985 760 τι’
2006 681 2179 759 ποτ’
2220 684 2312 758 ἂν
2346 686 2501 782 ἐρεῖ
2534 685 2580 779 ἢ
2608 682 2690 759 τί
2716 686 2959 781 φθέγ-

751 798 991 881 ξεταις
1040 787 1150 856 Ex
1186 785 1501 856 undecim
1538 788 1842 859 Bekkeri
1895 790 2098 862 codd.
2134 812 2302 859 unus
2342 796 2633 877 tantum,
2683 790 2877 880 isque
2920 813 2962 858 e

751 891 1202 981 correctione,
1255 887 1543 987 ἀνερεῖ,
1587 892 1779 982 quod
1819 917 1953 962 non
1990 902 2341 985 receptum
2386 893 2608 961 velim.
2709 892 2962 962 Dinar-

750 995 966 1064 chus'
948 1017 1017 1062 ιιι
1054 994 1404 1066 Demosth.
1442 989 1513 1087 §.
1545 993 1667 1067 69.
1697 1020 1772 1089 p.
1804 996 1930 1066 49.
1959 996 2194 1074 Reisk.
2232 995 2312 1069 τί
2342 991 2413 1118 6
2441 1023 2534 1068 αν
2547 1051 2575 1085 ,
2628 996 2964 1085 τιθῶμεν

745 1123 889 1218 γάρ
954 1096 1229 1178 ταῦτα,
1297 1092 1425 1171 §dv
1483 1124 1673 1170 κατα
1718 1093 1812 1172 ‘16
1872 1093 2244 1219 ψήφισμα
2285 1092 2381 1172 vo*
2435 1098 2964 1220 Δημοσθένους

749 1197 1032 1297 οἷπαιτῇ
1070 1201 1362 1294 πέμψας
1408 1197 1599 1297 ἡμᾶς
1639 1197 2112 1323 Ἀλέξανδρος
2151 1195 2244 1274 w*
2274 1201 2571 1297 χρυσίον
2611 1195 2705 1274 vo*
2736 1227 2963 1292 κομι-

640 1377 663 1393 ,
750 1303 932 1377 σθὲν
961 1305 1059 1383 εἰς
1090 1295 1247 1424 ‘triv-
1256 1297 1497 1397 χώραν
1532 1297 1681 1377 ὐπό
1704 1299 2168 1425 Λρποίλου,
2171 1304 2289 1376 καὶ
2322 1298 2504 1400 πρός
2531 1304 2638 1399 τῷ
2660 1302 2963 1399 γεγενῆ-

750 1414 935 1478 σθαι
979 1398 1117 1497 τήν
1150 1404 1279 1499 τῆς
1308 1405 1577 1525 βουλῆς
1617 1402 1993 1500 ἀπόφασιν
2027 1434 2200 1488 τους
2227 1411 2488 1487 παῖδας
2519 1409 2962 1502 καταπέμψῃ

746 1500 926 1630 πρός
966 1534 1157 1602 ημας
1189 1531 1359 1588 τους
1401 1507 1529 1581 νῦν
1569 1537 1660 1589 ως
1710 1504 1976 1582 ἑαυτόν
2026 1505 2726 1603 ανακεκομισμένους
2742 1563 2772 1597 ,
2840 1508 2967 1581 καὶ

744 1603 1030 1684 τούτων
1079 1605 1273 1691 α’ξιοῑ
1320 1605 1838 1685 πυνθάνεσθαι
1895 1640 2031 1709 την
2078 1607 2436 1709 ἀλήθειαν
2484 1609 2711 1704 ὑμᾶς,
2782 1604 2967 1705 πρός

743 1713 977 1800 θεοῖν,
1032 1739 1130 1784 ων
1158 1709 1453 1807 ανδρες,
1506 1711 1586 1785 τί
1640 1713 1992 1841 ἑροῦμενς
2055 1715 2383 1783 Isocrates
2446 1714 2670 1807 Euag.
2723 1738 2782 1782 c.
2835 1711 2961 1837 25.

744 1811 818 1912 §.
846 1812 970 1884 80.
1017 1839 1090 1907 p.
1134 1811 1305 1883 328.
1355 1814 1581 1907 Lang.
1630 1817 1798 1889 τίνα
1842 1843 1984 1912 γαρ
2032 1844 2124 1889 αν
2160 1811 2561 1912 εὑρήσομεν
2600 1845 2748 1889 των
2787 1809 2967 1890 τότε

742 1918 1186 2012 γενομένων,
1243 1919 1314 1990 εἰ
1317 1944 1511 2040 ⁸Jove
1540 1912 1829 2008 μύθους
1867 1917 2174 2014 οἷφέντες
2215 1913 2352 2014 τήν
2400 1913 2759 2016 ἀλήθειαν
2795 1946 2968 1991 οπο·-

743 2026 1045 2113 ποΐμεν,
1124 2021 1442 2093 τοιαῦτα
1505 2024 2212 2147 διαπεπραγμένον,
2252 2020 2300 2119 ἢ
2355 2022 2526 2095 τίνα
2587 2015 2967 2095 τοσούτων

741 2122 1175 2217 μεταβολῶν
1260 2127 1336 2196 ἐν
1406 2130 1561 2204 τοῖς
1622 2119 2044 2221 πράγμασιν
2123 2126 2367 2198 αἴτιον
2444 2126 2968 2221 γεγενημένονς

743 2224 965 2294 codd.
999 2224 1169 2298 vrb.
1203 2235 1272 2295 et
1296 2224 1450 2296 Vat.
1484 2227 1796 2295 omittunt
1834 2225 1947 2306 οἷν,
2003 2251 2089 2297 ex
2120 2228 2444 2297 sententia
2475 2228 2967 2349 grammatico-

741 2351 916 2397 rum.
1016 2327 1197 2415 lam,
1247 2349 1496 2419 spero,
1547 2329 1732 2397 nolet
1759 2330 2095 2418 stravius,
2149 2330 2336 2420 quod
2367 2341 2661 2428 suaserat
2689 2332 2761 2399 in
2792 2353 2971 2423 pro-

741 2438 1119 2524 grammate
1172 2430 1317 2499 XV.
1362 2432 1432 2498 in
1486 2431 1884 2523 fragmentis
1936 2434 2243 2524 Dionysii
2288 2434 2503 2504 Halic.
2559 2435 2647 2502 ab
2689 2433 2968 2525 Angelo

740 2533 934 2602 Maio
965 2532 1162 2600 editis
1191 2534 1306 2601 lib.
1341 2533 1525 2601 XIV.
1568 2557 1625 2604 c.
1661 2530 1780 2603 15.
1818 2533 1897 2607 τί
1926 2529 2066 2632 γοῖρ
2111 2536 2202 2609 οἲν
2246 2530 2681 2633 δυνήσονται
2726 2530 2969 2610 δεινδν

743 2630 1174 2733 ἐργάζεσθαι
1223 2662 1396 2717 τους
1449 2629 1680 2728 ομόσε
1732 2638 2144 2735 χωροῦντας
2199 2645 2279 2711 αἱ
2352 2646 2658 2732 βαθεῖαι
2712 2632 2968 2732 κόμαι,

739 2740 835 2809 ita
870 2739 1146 2826 mutari,
1208 2748 1285 2807 ut
1323 2748 1438 2806 aut
1486 2740 1790 2808 deleatur
1838 2740 1968 2821 ἅν,
2023 2751 2138 2809 aut
2179 2736 2521 2815 δύναιντο
2570 2751 2965 2834 reponatur.

740 2841 1108 2936 Sophoclis
1149 2865 1312 2910 vero
1357 2843 1608 2913 locus
1588 2866 1659 2913 ιιι
1695 2844 1982 2914 Philoct.
2035 2843 2257 2916 1089.
2306 2844 2425 2914 ubi
2458 2844 2841 2927 Brunckius
2880 2866 2969 2914 ex

738 2967 879 3017 uno
906 2946 1142 3016 codice
1172 2944 1392 3079 dedit,

1048 3119 1129 3196 τί
1150 3116 1333 3194 ποτ’
1353 3116 1446 3194 ἄν
1471 3147 1611 3216 μοι
1637 3115 1732 3197 τό
1761 3119 1931 3198 κατ’
1961 3118 2163 3222 ἦμαρ

1049 3225 1254 3301 ἔσται
1267 3251 1298 3319 3

738 3420 876 3468 non
917 3405 1020 3468 est
1044 3396 1182 3467 huc
1222 3397 1595 3469 trahendus
1612 3442 1635 3486 ,
1688 3421 1900 3491 quum
1933 3400 2029 3469 ibi
2059 3398 2401 3492 aptissime
2438 3392 2537 3472 αὖ
2571 3397 2641 3467 ἰιι
2676 3397 2966 3466 caeteris

638 3522 641 3527 ⁴
738 3500 922 3570 libris
952 3503 1277 3594 scriptum
1308 3504 1408 3574 sit.

945 3603 1154 3688 Quod
1182 3606 1233 3673 si
1263 3603 1343 3676 τί
1366 3604 1458 3678 ἄν
1491 3604 1676 3674 licuit
1703 3628 1858 3674 cum
1883 3604 2111 3674 futuro
2143 3604 2586 3696 coniungere,
2643 3603 2965 3672 coniicias

737 3704 1024 3774 fortasse
1068 3706 1379 3775 eamdem
1424 3707 1624 3774 etiam
1659 3710 2025 3801 negationis
2068 3707 2393 3777 rationem
2434 3730 2614 3794 esse,
2666 3715 2743 3773 ut
2782 3728 2967 3796 quae

738 3831 870 3900 per
900 3809 1494 3902 interrogationem
1525 3810 1596 3877 in
1641 3811 1719 3883 τί
1767 3820 2211 3884 convertatur.
2313 3808 2575 3879 Vereor
2611 3818 2838 3877 tamen
2885 3817 2968 3874 nt

737 3910 812 3979 id
844 3910 1097 3980 idoneis
1145 3913 1469 4003 exemplis
1502 3914 1934 4006 comprobari
1953 3914 2187 4006 possit.
2288 3913 2469 3982 Nam
2507 3913 2577 3983 in
2603 3910 2962 4002 Aristoph.

704 4007 709 4011 ’
737 4012 948 4109 Vesp.
981 4013 1153 4085 942.
1184 4016 1301 4085 ubi
1331 4017 1585 4110 vulgo,

1047 4199 1178 4280 οὐκ
1207 4202 1299 4278 ἄν
1332 4198 1426 4279 οὐ
1452 4196 1718 4279 παύσει
1743 4197 2051 4296 χαλεποὶ·
2078 4200 2177 4278 ὧν
2208 4202 2327 4277 καὶ
2357 4197 2708 4291 δῦςκολος,

737 4391 891 4463 cod.
920 4392 1093 4463 Rav.
1124 4395 1304 4464 male
1337 4390 1467 4468 οὐκ
1499 4388 1613 4467 αὖ.
1665 4390 2003 4484 Reisigius
2047 4400 2272 4459 antem
2301 4413 2373 4482 p.
2410 4388 2580 4461 101.
2611 4387 2754 4456 sine
2786 4408 2966 4454 con-

734 4497 1059 4567 troversia
1098 4495 1359 4576 οὔκουν
1383 4496 1853 4592 reponendum
1879 4503 2126 4564 censet.
2231 4493 2373 4579 Qui
2412 4493 2467 4560 si
2501 4513 2576 4582 p.
2624 4487 2794 4559 102.
2825 4487 2964 4556 de-
