3259 5275
1309 1399 1459 1464 DE

796 1572 1989 1644 AESCHYLI

397 1751 1539 1845 PROMETHEO
1662 1754 2379 1844 SOLVTO

1010 1961 1674 2046 mssERTATm.
1707 1937 1778 2037 *)’

1191 2223 1602 2236 *-

280 2416 421 2521 De
464 2450 792 2543 Aeschyli
831 2447 1256 2522 Prometheis
1287 2454 1715 2522 contentione
1743 2453 1996 2524 maiore
2024 2475 2229 2546 quam
2257 2454 2481 2524 fructu
2498 2470 2547 2540 3

282 2549 699 2649 'disputatum
727 2580 894 2645 8338,
945 2557 1120 2627 inter
1145 2580 1378 2626 omnes
1407 2567 1682 2625 constat.
1763 2558 1941 2626 Na‘m
1969 2561 2180 2651 quum
2208 2570 2277 2627 et
2304 2559 2496 2653 Igni-

282 2660 502 2728 ferum
529 2660 1018 2730 Prometheum
1046 2671 1115 2729 et
1144 2662 1459 2730 Vinctum
1478 2672 1548 2729 et
1576 2662 1890 2731 Solutum
1922 2662 2305 2756 Aeschylus
2336 2664 2496 2732 scri-

279 2765 525 2855 pserit,
588 2764 765 2832 visus
826 2775 929 2832 est
993 2764 1510 2834 Hemsterhusio
1573 2764 1664 2832 ad
1720 2766 2072 2836 Pollucem
2134 2768 2253 2835 lx.
2330 2764 2496 2835 156.

280 2889 552 2936 omnem
587 2867 946 2936 historiam
987 2868 1379 2937 Promethei
1428 2870 1639 2936 tribus
1682 2870 2051 2962 tragoediis
2110 2894 2258 2939 8338
2287 2893 2497 2938 com-

259 2972 538 3063 plexus.
646 2971 863 3040 Aliter
892 2981 1212 3039 statuerat
1247 2971 1338 3045 G.
1374 2970 1703 3040 Oanterus
1734 2973 1910 3041 Nov.
1947 2975 2165 3042 Lectt.
2193 2973 2340 3041 Vll.
2371 2971 2496 3046 21.

280 3074 391 3164 qui
420 3063 910 3143 Prometheum
940 3067 1326 3169 πυρφόρον
1362 3082 1429 3142 et
1470 3076 1834 3171 πυρκαέα,
1887 3100 2066 3167 quae
2101 3077 2229 3145 fuit
2269 3076 2501 3144 fabula

180 3168 187 3181 ’
280 3179 605 3268 satyrica,
658 3200 865 3246 unum
907 3176 1363 3268 eumdemque
1397 3200 1544 3246 esse
1588 3179 1892 3269 putabat.
1996 3182 2240 3272 Nuper
2266 3180 2499 3247 Hem-

282 3278 592 3349 sterhusii
649 3281 974 3351 sententia
1021 3280 1299 3349 defensa
1341 3290 1477 3368 est,
1528 3280 1621 3348 ita
1670 3280 1947 3370 quidem
1966 3336 1987 3373 ,
2040 3293 2115 3351 ut
2162 3292 2297 3351 tres
2343 3283 2500 3351 illae

281 3383 677 3477 tragoediae
729 3406 866 3451 una
912 3384 1121 3452 fuisse
1173 3384 1441 3478 trilogia
1499 3384 1893 3455 coniunctae
1952 3386 2495 3477 perhiberentur.

284 3486 494 3572 Quod
534 3509 855 3555 verumne
899 3511 985 3555 an
1038 3487 1286 3556 falsum
1334 3489 1455 3571 sit,
1509 3486 1802 3555 dubitari
1862 3490 2337 3578 vehementer,
2407 3488 2498 3557 ad

280 3589 609 3681 liquidum
636 3590 926 3682 perduci
948 3591 1064 3659 vix
1089 3600 1337 3683 potest.
1441 3591 1708 3687 Interea
1755 3614 2007 3683 operae
2041 3594 2334 3686 pretium
2377 3603 2499 3681 est,

282 3715 415 3784 quo
440 3693 514 3761 in
540 3702 715 3763 statu
749 3718 858 3764 res
889 3695 971 3763 sit
1002 3717 1454 3788 cognoscere,
1506 3704 1582 3762 ut
1623 3696 1693 3763 in
1726 3697 2110 3804 arripiendo
2142 3697 2499 3790 cupiditas,

280 3797 345 3866 in
369 3797 735 3866 reiicieudo
762 3799 1101 3867 temeritas
1131 3809 1458 3872 arceatur.

484 3900 566 3968 In
600 3900 822 3970 indice
860 3902 1246 3970 fabularum
1280 3900 1606 3991 Aeschyli
1650 3909 1783 3969 tres
1831 3901 2220 3970 Promethei
2258 3924 2500 3971 nume·

282 4012 532 4093 rantur,
587 3998 983 4101 &copem-nc,
1038 3997 1434 4102 πυρφόρος,
1486 3995 1857 4094 λυὸμενος.
1965 4006 2072 4074 Ex
2097 4015 2501 4100 argumento

281 4107 644 4177 Persarum
676 4117 1102 4202 compertum
1131 4107 1463 4178 habemus
1485 4156 1506 4193 ‚
1557 4107 1913 4195 Phineum,
1962 4109 2227 4197 Persas,
2281 4110 2503 4179 Glau-

286 4232 437 4279 cum
468 4210 923 4300 Potniensem‚
972 4211 1461 4282 Prometheum
1489 4235 1623 4280 una
1653 4212 2011 4307 teti-alogia
2041 4213 2501 4305 comprehen-

452 4513 520 4595 *)
567 4515 747 4580 Edit·
773 4527 865 4580 eat
892 4539 952 4582 ι.
994 4521 1184 4588 1828.
