3259 5275
775 452 864 513 64
1467 444 1585 505 DE
1661 442 2209 508 PARTICVLA
2254 440 2345 510 ἄν

783 636 1144 733 quomodo
1182 635 1648 730 repellendus
1705 645 1934 707 esset.-
2006 638 2142 708 sed
2199 636 2542 731 quoniam
2591 646 2797 728 sunt,
2880 638 3000 730 qm·

780 743 1005 814 aliter
1030 741 1382 828 sentiant,
1435 739 1550 809 his
1593 742 2132 810 occurrendum
2177 750 2306 812 est.
2411 742 2512 810 Ita
2539 750 2829 835 apparet
2865 742 3001 810 iam

778 869 915 916 non
943 844 1111 935 quid
1141 867 1314 937 opus
1363 843 1445 911 sit
1461 891 1483 928 ‚
1534 851 1604 912 et
1631 845 1798 934 quid
1837 868 1974 914 non
2001 846 2084 914 sit
2115 867 2288 937 opus
2303 896 2324 932 ‚
2376 844 2549 913 inter
2597 866 2670 914 se
2717 847 3001 938 opponi,

779 949 901 1019 sed
938 947 1102 1038 quid
1125 949 1275 1040 ipse
1314 946 1612 1015 facturus
1645 948 1746 1017 sit.
1850 948 2223 1018 Aeschines
2253 971 2311 1021 c.
2342 948 2687 1020 Timarch.
2717 971 2791 1041 p.
2827 943 2997 1016 153.

777 1055 884 1146 (p.
922 1046 1093 1143 355.
1146 1046 1218 1146 ἓ.
1249 1046 1421 1121 150.
1469 1050 1730 1143 Bekk.)
1784 1048 1876 1133 ὦς
1919 1050 2172 1126 τοίνυν
2214 1050 2374 1146 ἐξῆν
2415 1047 2618 1147 αὐτῷ
2664 1050 3004 1147 σωθῆναι

773 1149 882 1253 μή
916 1153 1488 1253 τιμωρησαμένῳ
1522 1148 1659 1227 τόν
1695 1153 1833 1229 τοῦ
1876 1147 2317 1253 Πατρόκλου
2368 1152 2706 1229 θάνατον
2725 1209 2754 1244 ,
2808 1148 3022 1227 davni-

774 1255 1011 1351 γνωθί
1035 1283 1171 1350 μοι
1209 1255 1258 1328 οἳ
1283 1258 1472 1347 λέγει
1502 1283 1546 1353 η
1585 1258 1819 1339 Θέτις.
1920 1258 2261 1327 Potuisset
2288 1256 2565 1347 quidem
2605 1257 2759 1345 dici,
2812 1256 3004 1348 quod

694 1386 701 1392 ’
775 1361 1053 1453 quidam
1086 1359 1286 1428 codd.
1331 1359 1588 1428 habent
1616 1360 1779 1459 ἐξῆν
1822 1358 1916 1434 ἄν
1928 1415 1957 1450 ,
2010 1361 2169 1452 quia
2208 1361 2502 1430 licuisset
2551 1360 2804 1431 Achilli
2851 1383 3004 1430 ser-

773 1465 947 1552 vari,
1013 1464 1072 1533 si
1120 1464 1496 1532 Hectorem
1538 1486 1677 1532 non
1719 1465 2064 1535 occideret
2082 1517 2102 1553 ‚
2175 1465 2363 1554 quod
2415 1464 2642 1534 occiso
2695 1465 2815 1534 illo
2866 1465 3009 1533 iam

771 1592 910 1638 non
954 1567 1237 1636 licebat:
1289 1566 1413 1635 sed
1452 1589 1589 1635 non
1629 1576 1815 1636 recte
1854 1569 1969 1637 hic
2029 1569 2397 1656 diceretur,
2464 1569 2623 1658 quia
2658 1590 2797 1638 non
2836 1568 3009 1659 quid

770 1672 1032 1741 licuerit
1067 1670 1152 1759 ei,
1207 1670 1329 1738 sed
1361 1669 1527 1760 quid
1561 1670 1820 1759 fecerit,
1874 1674 2232 1762 quaeritur.
2333 1672 2572 1762 Itaque
2604 1673 3008 1768 oppositum

772 1784 872 1845 est
897 1768 1067 1849 ἀλλ’
1098 1800 1229 1846 ουκ
1267 1766 1633 1870 ἐβουλήθη
1664 1774 2017 1870 σωθῆναι.

973 1877 1263 1945 Restant
1287 1875 1498 1944 verba
1532 1872 1856 1971 ὤφελον,
1910 1879 2244 1971 ἔμελλον,
2298 1878 2515 1977 ἔφην,
2570 1871 3005 1975 ἐβουλόμην,
3080 1939 3084 1943 .

770 1980 860 2049 de
925 1980 1167 2072 quibus
1225 1978 1481 2069 aliquid
1530 1979 1983 2058 adiiciendum
2035 1980 2319 2050 videtur.
2422 1981 2651 2071 Atque
2715 1978 3007 2076 ὤφελον

767 2084 1044 2176 quidem
1072 2105 1192 2151 cur
1220 2083 1333 2151 vix
1348 2075 1554 2151 aliter
1593 2107 1800 2173 quam
1828 2085 1967 2153 sine
1996 2082 2407 2178 particula
2357 2111 2448 2158 αν
2483 2084 2826 2179 positum
2807 2107 3006 2153 mve-

765 2189 1020 2278 niatur‚
1088 2208 1175 2255 ex
1230 2187 1306 2255 iis
1322 2237 1343 2275 ‚
1411 2209 1588 2275 quae
1642 2188 1855 2258 modo
1905 2188 2430 2281 disputavimuS‚
2504 2187 3006 2296 apertissimum

767 2303 889 2361 est.
991 2291 1173 2359 Nam
1213 2311 1422 2379 quum
1452 2288 1588 2358 hoc
1617 2291 1910 2360 verbum·
1929 2293 2213 2385 proprie
2255 2288 2610 2361 debebam
2639 2275 3005 2383 sighificet,

765 2393 984 2463 inest
964 2417 1035 2460 m
1066 2415 1151 2461 eo
1181 2392 1590 2468 necessitatis
1627 2393 2062 2486 significatio,
2115 2403 2230 2478 ut,
2286 2396 2471 2484 quod
2496 2394 2798 2464 debebat
2825 2394 3003 2486 fieri,

765 2519 903 2565 non
927 2497 1132 2565 etiam
1159 2495 1309 2563 fieri
1337 2516 1475 2563 non
1506 2494 1834 2565 debuerit.
1892 2497 2083 2566 lliad.
2118 2507 2171 2585 ζ.
2205 2494 2381 2572 350.

869 2643 1134 2744 ἀνδρός
1185 2644 1421 2722 ἔπειτ
1475 2646 1802 2741 ωφελλον
1854 2646 2242 2748 ἀμείνονος
2294 2647 2485 2724 εἶναι
2539 2678 2824 2733 ακοιτις

868 2751 947 2834 ὅς
997 2759 1041 2848 ρ
1129 2749 1261 2849 ᾔδη
1314 2751 1603 2843 νέμεσίν
1656 2780 1740 2827 τε
1792 2753 1914 2827 καὶ
1967 2755 2223 2845 αἴσχεα
2276 2747 2491 2837 πόλλ’
2560 2748 3003 2853 ἄνθρωπον-

761 2904 898 2977 od.
931 2934 1000 2980 α.
1035 2904 1208 2976 21Ί.

719 3059 727 3069 ”
864 3085 955 3141 ως
1006 3055 1093 3156 δή
1151 3056 1363 3182 ἔνιψ’
1417 3059 1687 3156 ὄφελον
1735 3053 2065 3158 μακαρός
2114 3055 2204 3134 νύ
2261 3088 2392 3135 τευ
2460 3062 2777 3155 ἔμμεναι
2840 3056 3008 3142 υἱός

864 3159 1163 3260 ἀνέρος,
1218 3162 1304 3237 ὃν
1356 3188 1786 3237 κτεατεσσιν
1834 3169 1979 3244 ἑοῖς
2029 3165 2151 3238 ἔπι
2200 3160 2438 3261 γῆρας
2476 3165 2802 3257 ἔτετμεν

756 3319 901 3387 Nus
871 3339 1110 3409 squam
1159 3324 1361 3409 potes
1414 3339 1769 3410 opponere
1789 3365 1810 3403 ,
1862 3326 1946 3388 at
1996 3340 2142 3387 non
2185 3315 2540 3387 debebam
2578 3339 2781 3387 esse.-
2849 3318 3004 3401 sed..

759 3431 844 3491 at
868 3443 1012 3490 mm
1042 3436 1222 3491 sum.
1326 3421 1649 3490 Debebas
1681 3420 1862 3490 enim
1889 3420 2100 3531 nihilo
2125 3422 2367 3510 seciae,
2422 3422 2545 3511 etsi
2575 3443 2715 3491 non
2751 3429 2854 3490 est
2885 3421 3006 3490 fa-

756 3534 959 3615 ctum,
1014 3523 1203 3613 quod
1230 3524 1380 3592 fieri
1408 3523 1724 3593 debebat.

960 3625 1228 3694 Eadem
1272 3626 1443 3695 ratio
1487 3635 1591 3696 est
1640 3627 1831 3696 verbi
1870 3625 2190 3721 ἔμελλον.
2299 3626 2480 3695 Nam
2530 3627 2647 3716 qui
2684 3625 3002 3697 facturus

755 3728 923 3819 quid
954 3737 1100 3796 erat
1117 3778 1138 3816 ‚
1191 3751 1348 3797 eum
1375 3750 1509 3797 non
1543 3738 1741 3822 potes
1774 3730 2001 3799 dicere
2034 3751 2172 3797 non
2206 3728 2411 3798 fuisse
2440 3729 2814 3817 facturum,
2870 3730 3007 3799 sed
3103 3724 3113 3735 ’

755 3854 894 3901 ιιοιι
925 3831 1186 3899 fecisse.
1294 3832 1505 3916 Quod
1532 3856 1698 3902 vero
1724 3832 1952 3900 Latini
1981 3832 2231 3920 dicunt,
2262 3830 2632 3925 facturus
2640 3830 3005 3926 fuissent,

753 3934 919 4004 nihil
975 3934 1232 4020 obstat,
1299 3934 1462 4024 quin
1525 3935 1796 4005 Graece
1850 3935 2074 4022 dicaS‚
2143 3935 2443 4027 ἔμελλον
2494 3935 2586 4008 ἄν
2625 3930 2999 4031 ποιήρειν.

755 4036 1148 4130 opponitur
1202 4036 1379 4105 enim
1411 4032 1575 4112 ἀλλ’
1628 4034 1719 4111 ου’
1763 4040 2021 4129 μέλλω,
2069 4046 2153 4107 αι
2188 4060 2336 4107 non
2394 4060 2557 4108 sum
2593 4035 3002 4131 facturus.

752 4139 898 4211 Sed
949 4138 1360 4227 cavendum,
1409 4162 1531 4227 ne,
1581 4139 1704 4209 ubi
1745 4139 1837 4212 ἂν
1875 4163 2032 4209 cum
2058 4141 2378 4210 infinitivo
2408 4138 2829 4234 iungendum
2866 4154 3006 4229 est,

751 4244 840 4313 ad
882 4243 1131 4334 ἔμελλε
1160 4241 1407 4315 trahas,
1511 4242 1606 4311 Vt
1635 4243 1706 4310 in
1744 4242 2061 4335 Xenoph.
2106 4242 2361 4338 Cyrop.
2400 4245 2523 4319 IV.
2570 4244 2641 4331 3,
2688 4242 2759 4312 3.
2815 4240 3007 4329 σταῖς

751 4344 941 4421 ὅπου
976 4346 1270 4438 ἔμελλεν
1306 4343 1401 4417 ἄν
1430 4339 1909 4430 ἐξακούεσθαι
1937 4341 2037 4418 τοῖ
2077 4340 2468 4439 λεγόμεναι
2522 4347 2565 4415 i.
2601 4371 2662 4416 e.
2694 4345 2824 4417 ubi
2844 4348 3004 4442 su-

751 4459 996 4521 turum
1023 4456 1229 4535 erat,
1282 4457 1365 4519 ut
1392 4449 1744 4521 exaudiri
1778 4449 1991 4521 dicta
2019 4460 2340 4544 possent.
2443 4449 2576 4519 Vel
2606 4451 2800 4546 apud
2841 4454 3002 4522 An-
