<?xml version="1.0" encoding="UTF-8"?>
<!DOCTYPE html PUBLIC "-//W3C//DTD XHTML 1.0 Transitional//EN"
    "http://www.w3.org/TR/xhtml1/DTD/xhtml1-transitional.dtd">
<html xmlns="http://www.w3.org/1999/xhtml" xml:lang="en" lang="en">
 <head>
  <title>
</title>
<meta http-equiv="Content-Type" content="text/html;charset=utf-8" />
  <meta name='ocr-system' content='tesseract 3.04.00' />
  <meta name='ocr-capabilities' content='ocr_page ocr_carea ocr_par ocr_line ocrx_word'/>
</head>
<body>
  <div class='ocr_page' id='page_1' title='image "./godofrediherman03fritgoog_0024.png"; bbox 0 0 3259 5275; ppageno 0'>
   <div class='ocr_carea' id='block_1_1' title="bbox 12 523 17 2029">
    <p class='ocr_par' dir='ltr' id='par_1_1' title="bbox 12 523 17 2029">
     <span class='ocr_line' id='line_1_1' title="bbox 12 523 17 2029; baseline 0 0"><span class='ocrx_word' id='word_1_1' title='bbox 12 523 17 2029; x_wconf 95' lang='lat' dir='ltr'> </span> 
     </span>
    </p>
   </div>
   <div class='ocr_carea' id='block_1_2' title="bbox 740 500 2380 576">
    <p class='ocr_par' dir='ltr' id='par_1_2' title="bbox 740 500 2380 576">
     <span class='ocr_line' id='line_1_2' title="bbox 740 500 2380 576; baseline 0.005 -14"><span class='ocrx_word' id='word_1_2' title='bbox 740 516 823 576; x_wconf 74' lang='grc' dir='ltr'>ιο</span> <span class='ocrx_word' id='word_1_3' title='bbox 1436 508 1551 566; x_wconf 83' lang='lat' dir='ltr'>DE</span> <span class='ocrx_word' id='word_1_4' title='bbox 1595 505 2138 568; x_wconf 73' lang='lat' dir='ltr'>PAR-TlchA</span> <span class='ocrx_word' id='word_1_5' title='bbox 2186 500 2276 570; x_wconf 74' lang='grc' dir='ltr'>ἂν</span> <span class='ocrx_word' id='word_1_6' title='bbox 2379 549 2380 552; x_wconf 55' lang='lat'><em>=</em></span> 
     </span>
    </p>
   </div>
   <div class='ocr_carea' id='block_1_3' title="bbox 740 696 3056 1823">
    <p class='ocr_par' dir='ltr' id='par_1_3' title="bbox 740 696 3056 1823">
     <span class='ocr_line' id='line_1_3' title="bbox 746 696 2956 793; baseline 0 -22"><span class='ocrx_word' id='word_1_7' title='bbox 746 709 929 770; x_wconf 73' lang='lat' dir='ltr'>suntz</span> <span class='ocrx_word' id='word_1_8' title='bbox 979 699 1070 767; x_wconf 87' lang='lat' dir='ltr'>de</span> <span class='ocrx_word' id='word_1_9' title='bbox 1100 697 1345 788; x_wconf 86' lang='lat' dir='ltr'>quibus</span> <span class='ocrx_word' id='word_1_10' title='bbox 1383 696 1509 766; x_wconf 82' lang='lat' dir='ltr'>etsi</span> <span class='ocrx_word' id='word_1_11' title='bbox 1537 720 1673 766; x_wconf 91' lang='lat' dir='ltr'>non</span> <span class='ocrx_word' id='word_1_12' title='bbox 1711 705 1973 766; x_wconf 87' lang='lat' dir='ltr'>constat</span> <span class='ocrx_word' id='word_1_13' title='bbox 2001 697 2226 784; x_wconf 87' lang='lat' dir='ltr'>nobis,</span> <span class='ocrx_word' id='word_1_14' title='bbox 2277 705 2503 767; x_wconf 87' lang='lat' dir='ltr'>tamen</span> <span class='ocrx_word' id='word_1_15' title='bbox 2531 722 2682 770; x_wconf 85' lang='lat' dir='ltr'>esse</span> <span class='ocrx_word' id='word_1_16' title='bbox 2710 723 2793 769; x_wconf 86' lang='lat' dir='ltr'>ea</span> <span class='ocrx_word' id='word_1_17' title='bbox 2822 724 2956 793; x_wconf 87' lang='lat' dir='ltr'>po·-</span> 
     </span>
     <span class='ocr_line' id='line_1_4' title="bbox 744 800 2956 895; baseline 0.001 -25"><span class='ocrx_word' id='word_1_18' title='bbox 744 806 895 891; x_wconf 79' lang='lat' dir='ltr'>tius,</span> <span class='ocrx_word' id='word_1_19' title='bbox 948 825 1152 894; x_wconf 84' lang='lat' dir='ltr'>quam</span> <span class='ocrx_word' id='word_1_20' title='bbox 1181 825 1319 870; x_wconf 89' lang='lat' dir='ltr'>non</span> <span class='ocrx_word' id='word_1_21' title='bbox 1359 825 1506 872; x_wconf 90' lang='lat' dir='ltr'>esse</span> <span class='ocrx_word' id='word_1_22' title='bbox 1549 800 1904 886; x_wconf 74' lang='lat' dir='ltr'>credimus,</span> <span class='ocrx_word' id='word_1_23' title='bbox 1981 802 2333 870; x_wconf 85' lang='lat' dir='ltr'>Postrema</span> <span class='ocrx_word' id='word_1_24' title='bbox 2363 812 2515 871; x_wconf 89' lang='lat' dir='ltr'>sunt</span> <span class='ocrx_word' id='word_1_25' title='bbox 2539 805 2956 895; x_wconf 76' lang='lat' dir='ltr'><strong>probabilia:</strong></span> 
     </span>
     <span class='ocr_line' id='line_1_5' title="bbox 746 905 2961 998; baseline 0 -22"><span class='ocrx_word' id='word_1_26' title='bbox 746 931 922 998; x_wconf 86' lang='lat' dir='ltr'>quae</span> <span class='ocrx_word' id='word_1_27' title='bbox 949 916 1102 976; x_wconf 87' lang='lat' dir='ltr'>sunt</span> <span class='ocrx_word' id='word_1_28' title='bbox 1129 927 1245 992; x_wconf 89' lang='lat' dir='ltr'>ea,</span> <span class='ocrx_word' id='word_1_29' title='bbox 1297 922 1473 995; x_wconf 84' lang='lat' dir='ltr'>quae</span> <span class='ocrx_word' id='word_1_30' title='bbox 1501 905 1742 975; x_wconf 88' lang='lat' dir='ltr'>mirum</span> <span class='ocrx_word' id='word_1_31' title='bbox 1773 906 1951 974; x_wconf 85' lang='lat' dir='ltr'>foret</span> <span class='ocrx_word' id='word_1_32' title='bbox 1983 907 2039 973; x_wconf 93' lang='lat' dir='ltr'>si</span> <span class='ocrx_word' id='word_1_33' title='bbox 2070 926 2209 973; x_wconf 89' lang='lat' dir='ltr'>non</span> <span class='ocrx_word' id='word_1_34' title='bbox 2247 915 2499 993; x_wconf 82' lang='lat' dir='ltr'>essent,</span> <span class='ocrx_word' id='word_1_35' title='bbox 2552 908 2710 998; x_wconf 87' lang='lat' dir='ltr'>quia</span> <span class='ocrx_word' id='word_1_36' title='bbox 2750 909 2961 976; x_wconf 85' lang='lat' dir='ltr'>ratio-</span> 
     </span>
     <span class='ocr_line' id='line_1_6' title="bbox 744 1008 2960 1100; baseline -0 -20"><span class='ocrx_word' id='word_1_37' title='bbox 744 1026 922 1095; x_wconf 87' lang='lat' dir='ltr'>nem,</span> <span class='ocrx_word' id='word_1_38' title='bbox 974 1032 1183 1100; x_wconf 89' lang='lat' dir='ltr'>quare</span> <span class='ocrx_word' id='word_1_39' title='bbox 1211 1033 1359 1078; x_wconf 84' lang='lat' dir='ltr'>osse</span> <span class='ocrx_word' id='word_1_40' title='bbox 1388 1008 1703 1094; x_wconf 86' lang='lat' dir='ltr'>debeant,</span> <span class='ocrx_word' id='word_1_41' title='bbox 1741 1009 2067 1078; x_wconf 56' lang='lat' dir='ltr'>“idoneam</span> <span class='ocrx_word' id='word_1_42' title='bbox 2095 1008 2420 1078; x_wconf 83' lang='lat' dir='ltr'>videmus.</span> <span class='ocrx_word' id='word_1_43' title='bbox 2504 1010 2766 1079; x_wconf 85' lang='lat' dir='ltr'>Eadem</span> <span class='ocrx_word' id='word_1_44' title='bbox 2794 1034 2960 1079; x_wconf 82' lang='lat' dir='ltr'>vero</span> 
     </span>
     <span class='ocr_line' id='line_1_7' title="bbox 745 1111 2961 1206; baseline 0 -24"><span class='ocrx_word' id='word_1_45' title='bbox 745 1114 971 1183; x_wconf 84' lang='lat' dir='ltr'>omnia</span> <span class='ocrx_word' id='word_1_46' title='bbox 1000 1114 1203 1182; x_wconf 81' lang='lat' dir='ltr'>etiam</span> <span class='ocrx_word' id='word_1_47' title='bbox 1235 1111 1475 1181; x_wconf 87' lang='lat' dir='ltr'>modos</span> <span class='ocrx_word' id='word_1_48' title='bbox 1506 1112 1842 1203; x_wconf 88' lang='lat' dir='ltr'>quosdam</span> <span class='ocrx_word' id='word_1_49' title='bbox 1873 1113 2156 1195; x_wconf 89' lang='lat' dir='ltr'>habent,</span> <span class='ocrx_word' id='word_1_50' title='bbox 2210 1112 2499 1201; x_wconf 89' lang='lat' dir='ltr'>quisunt</span> <span class='ocrx_word' id='word_1_51' title='bbox 2532 1113 2702 1202; x_wconf 87' lang='lat' dir='ltr'>duo,</span> <span class='ocrx_word' id='word_1_52' title='bbox 2753 1115 2961 1206; x_wconf 84' lang='lat' dir='ltr'>positi</span> 
     </span>
     <span class='ocr_line' id='line_1_8' title="bbox 743 1215 2962 1308; baseline 0 -22"><span class='ocrx_word' id='word_1_53' title='bbox 743 1219 814 1286; x_wconf 91' lang='lat' dir='ltr'>in</span> <span class='ocrx_word' id='word_1_54' title='bbox 843 1240 966 1302; x_wconf 89' lang='lat' dir='ltr'>eo,</span> <span class='ocrx_word' id='word_1_55' title='bbox 1024 1216 1213 1306; x_wconf 86' lang='lat' dir='ltr'>quod</span> <span class='ocrx_word' id='word_1_56' title='bbox 1260 1226 1377 1284; x_wconf 89' lang='lat' dir='ltr'>ant</span> <span class='ocrx_word' id='word_1_57' title='bbox 1417 1216 1508 1284; x_wconf 85' lang='lat' dir='ltr'>ad</span> <span class='ocrx_word' id='word_1_58' title='bbox 1536 1217 1755 1308; x_wconf 80' lang='lat' dir='ltr'>ipsam</span> <span class='ocrx_word' id='word_1_59' title='bbox 1798 1225 2057 1285; x_wconf 88' lang='lat' dir='ltr'>tantum</span> <span class='ocrx_word' id='word_1_60' title='bbox 2091 1215 2567 1308; x_wconf 78' lang='lat' dir='ltr'><strong>cogitationem</strong></span> <span class='ocrx_word' id='word_1_61' title='bbox 2607 1217 2962 1307; x_wconf 82' lang='lat' dir='ltr'>loquentis,</span> 
     </span>
     <span class='ocr_line' id='line_1_9' title="bbox 744 1319 2966 1409; baseline 0 -20"><span class='ocrx_word' id='word_1_62' title='bbox 744 1330 861 1389; x_wconf 88' lang='lat' dir='ltr'>aut</span> <span class='ocrx_word' id='word_1_63' title='bbox 891 1319 982 1388; x_wconf 88' lang='lat' dir='ltr'>ad</span> <span class='ocrx_word' id='word_1_64' title='bbox 1011 1320 1146 1401; x_wconf 89' lang='lat' dir='ltr'>rei,</span> <span class='ocrx_word' id='word_1_65' title='bbox 1201 1320 1288 1387; x_wconf 92' lang='lat' dir='ltr'>de</span> <span class='ocrx_word' id='word_1_66' title='bbox 1331 1342 1469 1409; x_wconf 83' lang='lat' dir='ltr'>qua</span> <span class='ocrx_word' id='word_1_67' title='bbox 1496 1342 1718 1394; x_wconf 82' lang='lat' dir='ltr'>sermo</span> <span class='ocrx_word' id='word_1_68' title='bbox 1747 1329 1880 1405; x_wconf 87' lang='lat' dir='ltr'>est,</span> <span class='ocrx_word' id='word_1_69' title='bbox 1933 1319 2226 1409; x_wconf 79' lang='lat' dir='ltr'>aliquam</span> <span class='ocrx_word' id='word_1_70' title='bbox 2278 1319 2735 1389; x_wconf 84' lang='lat' dir='ltr'>conditionem</span> <span class='ocrx_word' id='word_1_71' title='bbox 2779 1322 2966 1389; x_wconf 86' lang='lat' dir='ltr'>refe-</span> 
     </span>
     <span class='ocr_line' id='line_1_10' title="bbox 745 1421 2965 1516; baseline -0 -24"><span class='ocrx_word' id='word_1_72' title='bbox 745 1433 996 1494; x_wconf 87' lang='lat' dir='ltr'>runtur.</span> <span class='ocrx_word' id='word_1_73' title='bbox 1097 1423 1192 1491; x_wconf 89' lang='lat' dir='ltr'>Et</span> <span class='ocrx_word' id='word_1_74' title='bbox 1234 1422 1346 1491; x_wconf 91' lang='lat' dir='ltr'>ille</span> <span class='ocrx_word' id='word_1_75' title='bbox 1386 1422 1664 1513; x_wconf 88' lang='lat' dir='ltr'>quidem</span> <span class='ocrx_word' id='word_1_76' title='bbox 1706 1422 1989 1510; x_wconf 75' lang='lat' dir='ltr'>modus,</span> <span class='ocrx_word' id='word_1_77' title='bbox 2041 1423 2159 1512; x_wconf 90' lang='lat' dir='ltr'>qui</span> <span class='ocrx_word' id='word_1_78' title='bbox 2191 1421 2282 1490; x_wconf 86' lang='lat' dir='ltr'>ad</span> <span class='ocrx_word' id='word_1_79' title='bbox 2321 1422 2655 1512; x_wconf 82' lang='lat' dir='ltr'>loquentis</span> <span class='ocrx_word' id='word_1_80' title='bbox 2700 1425 2965 1516; x_wconf 80' lang='lat' dir='ltr'>cogita-</span> 
     </span>
     <span class='ocr_line' id='line_1_11' title="bbox 740 1526 3056 1618; baseline 0 -23"><span class='ocrx_word' id='word_1_81' title='bbox 740 1529 1000 1596; x_wconf 81' lang='lat' dir='ltr'>tionem</span> <span class='ocrx_word' id='word_1_82' title='bbox 1038 1533 1335 1616; x_wconf 81' lang='lat' dir='ltr'>spectat,</span> <span class='ocrx_word' id='word_1_83' title='bbox 1389 1526 1857 1618; x_wconf 77' lang='lat' dir='ltr'>complectitur</span> <span class='ocrx_word' id='word_1_84' title='bbox 1891 1526 2232 1618; x_wconf 86' lang='lat' dir='ltr'>possibilia</span> <span class='ocrx_word' id='word_1_85' title='bbox 2266 1535 2336 1594; x_wconf 84' lang='lat' dir='ltr'>et</span> <span class='ocrx_word' id='word_1_86' title='bbox 2366 1526 2506 1594; x_wconf 84' lang='lat' dir='ltr'>veri</span> <span class='ocrx_word' id='word_1_87' title='bbox 2550 1527 2818 1618; x_wconf 79' lang='lat' dir='ltr'>similia,</span> <span class='ocrx_word' id='word_1_88' title='bbox 2871 1527 2965 1596; x_wconf 90' lang='lat' dir='ltr'>de</span> <span class='ocrx_word' id='word_1_89' title='bbox 3051 1529 3056 1539; x_wconf 85' lang='grc'>’</span> 
     </span>
     <span class='ocr_line' id='line_1_12' title="bbox 745 1629 2965 1722; baseline 0 -24"><span class='ocrx_word' id='word_1_90' title='bbox 745 1629 988 1720; x_wconf 85' lang='lat' dir='ltr'>quibus</span> <span class='ocrx_word' id='word_1_91' title='bbox 1017 1630 1168 1717; x_wconf 88' lang='lat' dir='ltr'>quis</span> <span class='ocrx_word' id='word_1_92' title='bbox 1199 1630 1361 1697; x_wconf 84' lang='lat' dir='ltr'>nihil</span> <span class='ocrx_word' id='word_1_93' title='bbox 1390 1630 1699 1720; x_wconf 89' lang='lat' dir='ltr'>amplius,</span> <span class='ocrx_word' id='word_1_94' title='bbox 1740 1652 1945 1721; x_wconf 89' lang='lat' dir='ltr'>quam</span> <span class='ocrx_word' id='word_1_95' title='bbox 1979 1631 2068 1698; x_wconf 90' lang='lat' dir='ltr'>de</span> <span class='ocrx_word' id='word_1_96' title='bbox 2098 1629 2319 1700; x_wconf 82' lang='lat' dir='ltr'>alteris</span> <span class='ocrx_word' id='word_1_97' title='bbox 2352 1653 2427 1697; x_wconf 90' lang='lat' dir='ltr'>se</span> <span class='ocrx_word' id='word_1_98' title='bbox 2461 1629 2831 1722; x_wconf 77' lang='lat' dir='ltr'>ambigere,</span> <span class='ocrx_word' id='word_1_99' title='bbox 2873 1631 2965 1699; x_wconf 89' lang='lat' dir='ltr'>de</span> 
     </span>
     <span class='ocr_line' id='line_1_13' title="bbox 745 1732 2966 1823; baseline 0.001 -22"><span class='ocrx_word' id='word_1_100' title='bbox 745 1734 970 1801; x_wconf 84' lang='lat' dir='ltr'>alteris</span> <span class='ocrx_word' id='word_1_101' title='bbox 1019 1732 1280 1823; x_wconf 88' lang='lat' dir='ltr'>opinari</span> <span class='ocrx_word' id='word_1_102' title='bbox 1336 1733 1685 1823; x_wconf 83' lang='lat' dir='ltr'>significat.</span> <span class='ocrx_word' id='word_1_103' title='bbox 1787 1734 1981 1801; x_wconf 88' lang='lat' dir='ltr'>Alter</span> <span class='ocrx_word' id='word_1_104' title='bbox 2020 1742 2243 1801; x_wconf 87' lang='lat' dir='ltr'>antem</span> <span class='ocrx_word' id='word_1_105' title='bbox 2286 1732 2529 1801; x_wconf 91' lang='lat' dir='ltr'>modus</span> <span class='ocrx_word' id='word_1_106' title='bbox 2567 1733 2840 1801; x_wconf 91' lang='lat' dir='ltr'>fortuita</span> <span class='ocrx_word' id='word_1_107' title='bbox 2895 1742 2966 1803; x_wconf 87' lang='lat' dir='ltr'>et</span> 
     </span>
    </p>
   </div>
   <div class='ocr_carea' id='block_1_4' title="bbox 614 1835 2969 1928">
    <p class='ocr_par' dir='ltr' id='par_1_4' title="bbox 614 1835 2969 1928">
     <span class='ocr_line' id='line_1_14' title="bbox 614 1835 2969 1928; baseline 0.004 -33"><span class='ocrx_word' id='word_1_108' title='bbox 614 1847 619 1854; x_wconf 72' lang='grc'><strong>“</strong></span> <span class='ocrx_word' id='word_1_109' title='bbox 738 1835 1124 1928; x_wconf 73' lang='lat' dir='ltr'>probabilia</span> <span class='ocrx_word' id='word_1_110' title='bbox 1168 1835 1495 1920; x_wconf 89' lang='lat' dir='ltr'>continet,</span> <span class='ocrx_word' id='word_1_111' title='bbox 1550 1835 1790 1926; x_wconf 88' lang='lat' dir='ltr'>quibus</span> <span class='ocrx_word' id='word_1_112' title='bbox 1831 1836 1900 1904; x_wconf 90' lang='lat' dir='ltr'>in</span> <span class='ocrx_word' id='word_1_113' title='bbox 1930 1837 2089 1928; x_wconf 87' lang='lat' dir='ltr'>ipsis</span> <span class='ocrx_word' id='word_1_114' title='bbox 2119 1846 2222 1904; x_wconf 88' lang='lat' dir='ltr'>est</span> <span class='ocrx_word' id='word_1_115' title='bbox 2251 1836 2535 1924; x_wconf 88' lang='lat' dir='ltr'>aliquid,</span> <span class='ocrx_word' id='word_1_116' title='bbox 2588 1859 2796 1926; x_wconf 88' lang='lat' dir='ltr'>quare</span> <span class='ocrx_word' id='word_1_117' title='bbox 2838 1838 2969 1905; x_wconf 87' lang='lat' dir='ltr'>sint</span> 
     </span>
    </p>
   </div>
   <div class='ocr_carea' id='block_1_5' title="bbox 732 1938 2975 4617">
    <p class='ocr_par' dir='ltr' id='par_1_5' title="bbox 733 1938 2972 3265">
     <span class='ocr_line' id='line_1_15' title="bbox 736 1938 2966 2031; baseline 0 -25"><span class='ocrx_word' id='word_1_118' title='bbox 736 1948 865 2007; x_wconf 81' lang='lat' dir='ltr'>aut</span> <span class='ocrx_word' id='word_1_119' title='bbox 900 1939 1102 2023; x_wconf 82' lang='lat' dir='ltr'>fiant,</span> <span class='ocrx_word' id='word_1_120' title='bbox 1154 1938 1278 2007; x_wconf 87' lang='lat' dir='ltr'>sed</span> <span class='ocrx_word' id='word_1_121' title='bbox 1304 1938 1470 2005; x_wconf 87' lang='lat' dir='ltr'>illud</span> <span class='ocrx_word' id='word_1_122' title='bbox 1506 1939 1574 2006; x_wconf 89' lang='lat' dir='ltr'>in</span> <span class='ocrx_word' id='word_1_123' title='bbox 1601 1939 1823 2006; x_wconf 89' lang='lat' dir='ltr'>alteris</span> <span class='ocrx_word' id='word_1_124' title='bbox 1851 1939 2192 2031; x_wconf 84' lang='lat' dir='ltr'>ignotum,</span> <span class='ocrx_word' id='word_1_125' title='bbox 2245 1948 2480 2007; x_wconf 89' lang='lat' dir='ltr'>notum</span> <span class='ocrx_word' id='word_1_126' title='bbox 2509 1951 2734 2007; x_wconf 89' lang='lat' dir='ltr'>autem</span> <span class='ocrx_word' id='word_1_127' title='bbox 2767 1941 2839 2007; x_wconf 88' lang='lat' dir='ltr'>in</span> <span class='ocrx_word' id='word_1_128' title='bbox 2860 1940 2966 2007; x_wconf 90' lang='lat' dir='ltr'>al-</span> 
     </span>
     <span class='ocr_line' id='line_1_16' title="bbox 738 2031 2967 2133; baseline 0 -23"><span class='ocrx_word' id='word_1_129' title='bbox 738 2043 924 2116; x_wconf 78' lang='lat' dir='ltr'>teris.</span> <span class='ocrx_word' id='word_1_130' title='bbox 1027 2041 1266 2130; x_wconf 89' lang='lat' dir='ltr'>ltaque</span> <span class='ocrx_word' id='word_1_131' title='bbox 1298 2041 1518 2133; x_wconf 79' lang='lat' dir='ltr'>gradu</span> <span class='ocrx_word' id='word_1_132' title='bbox 1558 2042 1733 2110; x_wconf 89' lang='lat' dir='ltr'>haec</span> <span class='ocrx_word' id='word_1_133' title='bbox 1763 2043 1857 2109; x_wconf 87' lang='lat' dir='ltr'>ita</span> <span class='ocrx_word' id='word_1_134' title='bbox 1890 2043 1963 2110; x_wconf 84' lang='lat' dir='ltr'>se</span> <span class='ocrx_word' id='word_1_135' title='bbox 2005 2042 2374 2132; x_wconf 79' lang='lat' dir='ltr'>excipiunt,</span> <span class='ocrx_word' id='word_1_136' title='bbox 2426 2031 2501 2110; x_wconf 83' lang='lat' dir='ltr'>ut</span> <span class='ocrx_word' id='word_1_137' title='bbox 2535 2041 2967 2133; x_wconf 86' lang='lat' dir='ltr'>possibilibus</span> 
     </span>
     <span class='ocr_line' id='line_1_17' title="bbox 746 2144 2968 2236; baseline 0 -23"><span class='ocrx_word' id='word_1_138' title='bbox 746 2145 1053 2232; x_wconf 87' lang='lat' dir='ltr'>fortuita,</span> <span class='ocrx_word' id='word_1_139' title='bbox 1105 2144 1388 2213; x_wconf 81' lang='lat' dir='ltr'>fortuitis</span> <span class='ocrx_word' id='word_1_140' title='bbox 1421 2146 1829 2230; x_wconf 76' lang='lat' dir='ltr'>verisimilia,</span> <span class='ocrx_word' id='word_1_141' title='bbox 1882 2146 2022 2213; x_wconf 76' lang='lat' dir='ltr'>veri</span> <span class='ocrx_word' id='word_1_142' title='bbox 2052 2144 2368 2213; x_wconf 81' lang='lat' dir='ltr'>similibus</span> <span class='ocrx_word' id='word_1_143' title='bbox 2398 2145 2777 2236; x_wconf 85' lang='lat' dir='ltr'>probabilia</span> <span class='ocrx_word' id='word_1_144' title='bbox 2806 2169 2968 2214; x_wconf 85' lang='lat' dir='ltr'>suc-</span> 
     </span>
     <span class='ocr_line' id='line_1_18' title="bbox 750 2246 2972 2334; baseline -0 -17"><span class='ocrx_word' id='word_1_145' title='bbox 750 2247 1024 2317; x_wconf 85' lang='lat' dir='ltr'>cedant:</span> <span class='ocrx_word' id='word_1_146' title='bbox 1077 2246 1261 2315; x_wconf 89' lang='lat' dir='ltr'>modi</span> <span class='ocrx_word' id='word_1_147' title='bbox 1310 2257 1535 2315; x_wconf 89' lang='lat' dir='ltr'>autem</span> <span class='ocrx_word' id='word_1_148' title='bbox 1578 2249 1757 2316; x_wconf 88' lang='lat' dir='ltr'>hanc</span> <span class='ocrx_word' id='word_1_149' title='bbox 1794 2247 2029 2317; x_wconf 90' lang='lat' dir='ltr'>iubent</span> <span class='ocrx_word' id='word_1_150' title='bbox 2076 2248 2610 2317; x_wconf 76' lang='lat' dir='ltr'>distributionem</span> <span class='ocrx_word' id='word_1_151' title='bbox 2655 2249 2839 2334; x_wconf 84' lang='lat' dir='ltr'>fieri,</span> <span class='ocrx_word' id='word_1_152' title='bbox 2896 2257 2972 2316; x_wconf 89' lang='lat' dir='ltr'>ut</span> 
     </span>
     <span class='ocr_line' id='line_1_19' title="bbox 742 2350 2970 2444; baseline 0 -24"><span class='ocrx_word' id='word_1_153' title='bbox 742 2350 1087 2444; x_wconf 84' lang='lat' dir='ltr'>possibilia</span> <span class='ocrx_word' id='word_1_154' title='bbox 1115 2359 1184 2416; x_wconf 91' lang='lat' dir='ltr'>et</span> <span class='ocrx_word' id='word_1_155' title='bbox 1209 2351 1586 2418; x_wconf 80' lang='lat' dir='ltr'>verisimilia</span> <span class='ocrx_word' id='word_1_156' title='bbox 1612 2351 1895 2419; x_wconf 82' lang='lat' dir='ltr'>fortuitis</span> <span class='ocrx_word' id='word_1_157' title='bbox 1927 2351 2480 2442; x_wconf 77' lang='lat' dir='ltr'>et&#39;probabilibus</span> <span class='ocrx_word' id='word_1_158' title='bbox 2513 2362 2970 2443; x_wconf 86' lang='lat' dir='ltr'>opponantur,</span> 
     </span>
     <span class='ocr_line' id='line_1_20' title="bbox 736 2453 2972 2547; baseline 0 -25"><span class='ocrx_word' id='word_1_159' title='bbox 736 2453 1170 2546; x_wconf 72' lang='lat' dir='ltr'>possibilium</span> <span class='ocrx_word' id='word_1_160' title='bbox 1225 2462 1451 2520; x_wconf 84' lang='lat' dir='ltr'>autem</span> <span class='ocrx_word' id='word_1_161' title='bbox 1509 2453 1601 2520; x_wconf 87' lang='lat' dir='ltr'>ad</span> <span class='ocrx_word' id='word_1_162' title='bbox 1657 2453 2036 2521; x_wconf 84' lang='lat' dir='ltr'>verisimilia</span> <span class='ocrx_word' id='word_1_163' title='bbox 2088 2454 2329 2522; x_wconf 89' lang='lat' dir='ltr'>eadem</span> <span class='ocrx_word' id='word_1_164' title='bbox 2385 2455 2469 2522; x_wconf 88' lang='lat' dir='ltr'>sit</span> <span class='ocrx_word' id='word_1_165' title='bbox 2526 2455 2972 2547; x_wconf 83' lang='lat' dir='ltr'>comparatio,</span> 
     </span>
     <span class='ocr_line' id='line_1_21' title="bbox 738 2555 2970 2653; baseline 0.004 -36"><span class='ocrx_word' id='word_1_166' title='bbox 738 2579 925 2647; x_wconf 68' lang='lat' dir='ltr'>‚quae</span> <span class='ocrx_word' id='word_1_167' title='bbox 973 2555 1399 2623; x_wconf 87' lang='lat' dir='ltr'>fortuitorum</span> <span class='ocrx_word' id='word_1_168' title='bbox 1430 2556 1521 2653; x_wconf 80' lang='lat' dir='ltr'>ad</span> <span class='ocrx_word' id='word_1_169' title='bbox 1557 2556 1958 2649; x_wconf 85' lang='lat' dir='ltr'>probabilia.</span> <span class='ocrx_word' id='word_1_170' title='bbox 2064 2556 2361 2649; x_wconf 80' lang='lat' dir='ltr'>Singulis</span> <span class='ocrx_word' id='word_1_171' title='bbox 2405 2556 2650 2626; x_wconf 88' lang='lat' dir='ltr'>horum</span> <span class='ocrx_word' id='word_1_172' title='bbox 2686 2581 2808 2627; x_wconf 86' lang='lat' dir='ltr'>sua</span> <span class='ocrx_word' id='word_1_173' title='bbox 2837 2557 2970 2626; x_wconf 88' lang='lat' dir='ltr'>de-</span> 
     </span>
     <span class='ocr_line' id='line_1_22' title="bbox 738 2660 2971 2751; baseline 0 -22"><span class='ocrx_word' id='word_1_174' title='bbox 738 2662 984 2730; x_wconf 82' lang='lat' dir='ltr'>stinata</span> <span class='ocrx_word' id='word_1_175' title='bbox 1015 2669 1169 2727; x_wconf 86' lang='lat' dir='ltr'>sunt</span> <span class='ocrx_word' id='word_1_176' title='bbox 1211 2661 1573 2731; x_wconf 86' lang='lat' dir='ltr'>vocabula:</span> <span class='ocrx_word' id='word_1_177' title='bbox 1625 2684 1707 2729; x_wconf 86' lang='lat' dir='ltr'>ac</span> <span class='ocrx_word' id='word_1_178' title='bbox 1750 2661 2178 2751; x_wconf 88' lang='lat' dir='ltr'>possibilibus</span> <span class='ocrx_word' id='word_1_179' title='bbox 2225 2660 2503 2751; x_wconf 88' lang='lat' dir='ltr'>quidem</span> <span class='ocrx_word' id='word_1_180' title='bbox 2533 2672 2603 2729; x_wconf 91' lang='lat' dir='ltr'>et</span> <span class='ocrx_word' id='word_1_181' title='bbox 2638 2663 2971 2730; x_wconf 85' lang='lat' dir='ltr'>verisimi-</span> 
     </span>
     <span class='ocr_line' id='line_1_23' title="bbox 747 2756 2970 2855; baseline 0.002 -23"><span class='ocrx_word' id='word_1_182' title='bbox 747 2765 922 2833; x_wconf 87' lang='lat' dir='ltr'>libus</span> <span class='ocrx_word' id='word_1_183' title='bbox 952 2762 1274 2830; x_wconf 85' lang='lat' dir='ltr'>adverbia</span> <span class='ocrx_word' id='word_1_184' title='bbox 1308 2764 1470 2844; x_wconf 80' lang='grc' dir='ltr'><em>ἴσως</em></span> <span class='ocrx_word' id='word_1_185' title='bbox 1501 2774 1569 2832; x_wconf 84' lang='lat' dir='ltr'>et</span> <span class='ocrx_word' id='word_1_186' title='bbox 1593 2756 1739 2837; x_wconf 82' lang='grc' dir='ltr'>πού</span> <span class='ocrx_word' id='word_1_187' title='bbox 1752 2791 1780 2854; x_wconf 80' lang='grc'>,-</span> <span class='ocrx_word' id='word_1_188' title='bbox 1830 2763 2118 2836; x_wconf 86' lang='lat' dir='ltr'>fortuitis</span> <span class='ocrx_word' id='word_1_189' title='bbox 2154 2773 2377 2832; x_wconf 85' lang='lat' dir='ltr'>autem</span> <span class='ocrx_word' id='word_1_190' title='bbox 2407 2773 2476 2832; x_wconf 89' lang='lat' dir='ltr'>et</span> <span class='ocrx_word' id='word_1_191' title='bbox 2502 2765 2970 2855; x_wconf 87' lang='lat' dir='ltr'>probabilibus</span> 
     </span>
     <span class='ocr_line' id='line_1_24' title="bbox 748 2864 2969 2959; baseline 0.003 -27"><span class='ocrx_word' id='word_1_192' title='bbox 748 2866 1120 2959; x_wconf 80' lang='lat' dir='ltr'>particulae</span> <span class='ocrx_word' id='word_1_193' title='bbox 1161 2864 1254 2938; x_wconf 72' lang='grc' dir='ltr'>ἄν</span> <span class='ocrx_word' id='word_1_194' title='bbox 1299 2866 1437 2936; x_wconf 80' lang='lat' dir='ltr'>sive</span> <span class='ocrx_word' id='word_1_195' title='bbox 1484 2868 1638 2946; x_wconf 77' lang='grc' dir='ltr'>κέν,</span> <span class='ocrx_word' id='word_1_196' title='bbox 1694 2875 1761 2935; x_wconf 90' lang='lat' dir='ltr'>et</span> <span class='ocrx_word' id='word_1_197' title='bbox 1800 2868 1903 2939; x_wconf 75' lang='grc' dir='ltr'>τέ.</span> <span class='ocrx_word' id='word_1_198' title='bbox 2010 2866 2602 2936; x_wconf 86' lang='lat' dir='ltr'>Considerabimus</span> <span class='ocrx_word' id='word_1_199' title='bbox 2641 2867 2816 2936; x_wconf 88' lang='lat' dir='ltr'>haec</span> <span class='ocrx_word' id='word_1_200' title='bbox 2854 2871 2969 2953; x_wconf 85' lang='lat' dir='ltr'>ita,</span> 
     </span>
     <span class='ocr_line' id='line_1_25' title="bbox 733 2969 2970 3062; baseline -0.001 -20"><span class='ocrx_word' id='word_1_201' title='bbox 733 2980 825 3043; x_wconf 79' lang='lat' dir='ltr'>,ut</span> <span class='ocrx_word' id='word_1_202' title='bbox 852 2970 918 3036; x_wconf 90' lang='lat' dir='ltr'>in</span> <span class='ocrx_word' id='word_1_203' title='bbox 954 2969 1230 3061; x_wconf 81' lang='lat' dir='ltr'>singulis</span> <span class='ocrx_word' id='word_1_204' title='bbox 1269 2970 1469 3038; x_wconf 85' lang='lat' dir='ltr'>etiam</span> <span class='ocrx_word' id='word_1_205' title='bbox 1508 2970 1618 3055; x_wconf 87' lang='lat' dir='ltr'>id,</span> <span class='ocrx_word' id='word_1_206' title='bbox 1672 2970 1860 3059; x_wconf 81' lang='lat' dir='ltr'>quod</span> <span class='ocrx_word' id='word_1_207' title='bbox 1898 2971 1973 3038; x_wconf 89' lang='lat' dir='ltr'>iis</span> <span class='ocrx_word' id='word_1_208' title='bbox 2013 2973 2406 3061; x_wconf 86' lang='lat' dir='ltr'>oppositum</span> <span class='ocrx_word' id='word_1_209' title='bbox 2439 2981 2574 3052; x_wconf 88' lang='lat' dir='ltr'>est,</span> <span class='ocrx_word' id='word_1_210' title='bbox 2627 2971 2970 3062; x_wconf 88' lang='lat' dir='ltr'>respicia-</span> 
     </span>
     <span class='ocr_line' id='line_1_26' title="bbox 734 3072 2972 3166; baseline -0 -22"><span class='ocrx_word' id='word_1_211' title='bbox 734 3096 934 3151; x_wconf 72' lang='lat' dir='ltr'>,musz</span> <span class='ocrx_word' id='word_1_212' title='bbox 992 3072 1179 3162; x_wconf 88' lang='lat' dir='ltr'>quod</span> <span class='ocrx_word' id='word_1_213' title='bbox 1211 3096 1296 3141; x_wconf 94' lang='lat' dir='ltr'>eo</span> <span class='ocrx_word' id='word_1_214' title='bbox 1334 3076 1550 3143; x_wconf 89' lang='lat' dir='ltr'>minus</span> <span class='ocrx_word' id='word_1_215' title='bbox 1591 3074 1850 3166; x_wconf 81' lang='lat' dir='ltr'>negligi</span> <span class='ocrx_word' id='word_1_216' title='bbox 1892 3074 2240 3164; x_wconf 85' lang='lat' dir='ltr'>convenit,</span> <span class='ocrx_word' id='word_1_217' title='bbox 2289 3095 2427 3163; x_wconf 90' lang='lat' dir='ltr'>quo</span> <span class='ocrx_word' id='word_1_218' title='bbox 2453 3074 2666 3142; x_wconf 88' lang='lat' dir='ltr'>maior</span> <span class='ocrx_word' id='word_1_219' title='bbox 2696 3084 2798 3143; x_wconf 85' lang='lat' dir='ltr'>est</span> <span class='ocrx_word' id='word_1_220' title='bbox 2836 3074 2972 3143; x_wconf 90' lang='lat' dir='ltr'>ho-</span> 
     </span>
     <span class='ocr_line' id='line_1_27' title="bbox 747 3175 1745 3265; baseline 0 -18"><span class='ocrx_word' id='word_1_221' title='bbox 747 3199 899 3247; x_wconf 81' lang='lat' dir='ltr'>rum</span> <span class='ocrx_word' id='word_1_222' title='bbox 927 3175 1376 3265; x_wconf 68' lang='lat' dir='ltr'>discriminum</span> <span class='ocrx_word' id='word_1_223' title='bbox 1403 3177 1745 3248; x_wconf 59' lang='lat' dir='ltr'>subtilitas</span> 
     </span>
    </p>

    <p class='ocr_par' dir='ltr' id='par_1_6' title="bbox 732 3276 2975 4617">
     <span class='ocr_line' id='line_1_28' title="bbox 953 3276 2967 3374; baseline 0.001 -27"><span class='ocrx_word' id='word_1_224' title='bbox 953 3280 1060 3348; x_wconf 86' lang='lat' dir='ltr'>Ac</span> <span class='ocrx_word' id='word_1_225' title='bbox 1101 3281 1528 3371; x_wconf 84' lang='lat' dir='ltr'>possibilibus</span> <span class='ocrx_word' id='word_1_226' title='bbox 1571 3278 1938 3348; x_wconf 85' lang='lat' dir='ltr'>indicandis</span> <span class='ocrx_word' id='word_1_227' title='bbox 1989 3276 2259 3348; x_wconf 67' lang='lat' dir='ltr'>inser-‘vit</span> <span class='ocrx_word' id='word_1_228' title='bbox 2328 3281 2533 3368; x_wconf 84' lang='grc' dir='ltr'><em>ἴσως,</em></span> <span class='ocrx_word' id='word_1_229' title='bbox 2600 3277 2967 3374; x_wconf 68' lang='lat' dir='ltr'>forsitan,</span> 
     </span>
     <span class='ocr_line' id='line_1_29' title="bbox 751 3383 2971 3474; baseline -0.001 -20"><span class='ocrx_word' id='word_1_230' title='bbox 751 3383 1157 3454; x_wconf 84' lang='lat' dir='ltr'>Germanice</span> <span class='ocrx_word' id='word_1_231' title='bbox 1181 3383 1581 3454; x_wconf 70' lang='lat' dir='ltr'>viellce&#39;cht:</span> <span class='ocrx_word' id='word_1_232' title='bbox 1636 3383 1822 3474; x_wconf 88' lang='lat' dir='ltr'>quod</span> <span class='ocrx_word' id='word_1_233' title='bbox 1849 3392 1951 3451; x_wconf 89' lang='lat' dir='ltr'>est</span> <span class='ocrx_word' id='word_1_234' title='bbox 1977 3383 2405 3467; x_wconf 70' lang='lat' dir='ltr'>conficientis,</span> <span class='ocrx_word' id='word_1_235' title='bbox 2459 3384 2735 3455; x_wconf 89' lang='lat' dir='ltr'>sednon</span> <span class='ocrx_word' id='word_1_236' title='bbox 2752 3385 2971 3453; x_wconf 89' lang='lat' dir='ltr'>scien-</span> 
     </span>
     <span class='ocr_line' id='line_1_30' title="bbox 732 3486 2972 3579; baseline -0.001 -23"><span class='ocrx_word' id='word_1_237' title='bbox 732 3488 853 3556; x_wconf 78' lang='lat' dir='ltr'>·tis,</span> <span class='ocrx_word' id='word_1_238' title='bbox 970 3486 1059 3554; x_wconf 91' lang='lat' dir='ltr'>Ei</span> <span class='ocrx_word' id='word_1_239' title='bbox 1125 3487 1449 3556; x_wconf 84' lang='lat' dir='ltr'>adverbio</span> <span class='ocrx_word' id='word_1_240' title='bbox 1520 3487 1909 3579; x_wconf 84' lang='lat' dir='ltr'>oppositum</span> <span class='ocrx_word' id='word_1_241' title='bbox 1975 3495 2077 3553; x_wconf 89' lang='lat' dir='ltr'>est</span> <span class='ocrx_word' id='word_1_242' title='bbox 2148 3487 2432 3557; x_wconf 76' lang='lat' dir='ltr'>verbum</span> <span class='ocrx_word' id='word_1_243' title='bbox 2505 3486 2762 3555; x_wconf 88' lang='lat' dir='ltr'>nudum</span> <span class='ocrx_word' id='word_1_244' title='bbox 2831 3487 2972 3556; x_wconf 89' lang='lat' dir='ltr'>sine</span> 
     </span>
     <span class='ocr_line' id='line_1_31' title="bbox 750 3589 2972 3682; baseline 0 -24"><span class='ocrx_word' id='word_1_245' title='bbox 750 3589 1116 3682; x_wconf 86' lang='lat' dir='ltr'>particula,</span> <span class='ocrx_word' id='word_1_246' title='bbox 1207 3612 1346 3679; x_wconf 88' lang='lat' dir='ltr'>quo</span> <span class='ocrx_word' id='word_1_247' title='bbox 1420 3590 1809 3682; x_wconf 85' lang='lat' dir='ltr'>simpliciter</span> <span class='ocrx_word' id='word_1_248' title='bbox 1895 3589 2136 3658; x_wconf 79' lang='lat' dir='ltr'>veritas</span> <span class='ocrx_word' id='word_1_249' title='bbox 2224 3590 2318 3658; x_wconf 89' lang='lat' dir='ltr'>rei</span> <span class='ocrx_word' id='word_1_250' title='bbox 2381 3590 2726 3658; x_wconf 84' lang='lat' dir='ltr'>indicatur.</span> <span class='ocrx_word' id='word_1_251' title='bbox 2830 3589 2972 3658; x_wconf 88' lang='lat' dir='ltr'>Ve-</span> 
     </span>
     <span class='ocr_line' id='line_1_32' title="bbox 751 3682 2971 3786; baseline 0 -25"><span class='ocrx_word' id='word_1_252' title='bbox 751 3693 1128 3761; x_wconf 87' lang='lat' dir='ltr'>risimilibus</span> <span class='ocrx_word' id='word_1_253' title='bbox 1207 3703 1437 3761; x_wconf 88' lang='lat' dir='ltr'>autem</span> <span class='ocrx_word' id='word_1_254' title='bbox 1493 3693 1948 3785; x_wconf 78' lang='lat' dir='ltr'>significandis</span> <span class='ocrx_word' id='word_1_255' title='bbox 2011 3682 2369 3761; x_wconf 71' lang='lat' dir='ltr'>adhib&#39;etur</span> <span class='ocrx_word' id='word_1_256' title='bbox 2436 3687 2604 3779; x_wconf 78' lang='grc' dir='ltr'><em>πού,</em></span> <span class='ocrx_word' id='word_1_257' title='bbox 2659 3691 2971 3786; x_wconf 80' lang='lat' dir='ltr'>sortas-</span> 
     </span>
     <span class='ocr_line' id='line_1_33' title="bbox 736 3795 2968 3888; baseline -0.002 -21"><span class='ocrx_word' id='word_1_258' title='bbox 736 3819 869 3883; x_wconf 73' lang='lat' dir='ltr'>se,</span> <span class='ocrx_word' id='word_1_259' title='bbox 957 3795 1190 3865; x_wconf 77' lang='lat' dir='ltr'><em>wohl:</em></span> <span class='ocrx_word' id='word_1_260' title='bbox 1284 3796 1472 3886; x_wconf 86' lang='lat' dir='ltr'>quod</span> <span class='ocrx_word' id='word_1_261' title='bbox 1546 3806 1649 3864; x_wconf 86' lang='lat' dir='ltr'>est</span> <span class='ocrx_word' id='word_1_262' title='bbox 1711 3796 2076 3888; x_wconf 80' lang='lat' dir='ltr'>opinantis,</span> <span class='ocrx_word' id='word_1_263' title='bbox 2154 3796 2276 3865; x_wconf 83' lang='lat' dir='ltr'>sed</span> <span class='ocrx_word' id='word_1_264' title='bbox 2353 3817 2492 3864; x_wconf 89' lang='lat' dir='ltr'>non</span> <span class='ocrx_word' id='word_1_265' title='bbox 2559 3796 2968 3863; x_wconf 65' lang='lat' dir='ltr'>affirmantia.</span> 
     </span>
     <span class='ocr_line' id='line_1_34' title="bbox 751 3893 2972 3995; baseline -0.002 -26"><span class='ocrx_word' id='word_1_266' title='bbox 751 3900 991 3990; x_wconf 84' lang='lat' dir='ltr'>Itaque</span> <span class='ocrx_word' id='word_1_267' title='bbox 1017 3901 1080 3968; x_wconf 91' lang='lat' dir='ltr'>ei</span> <span class='ocrx_word' id='word_1_268' title='bbox 1105 3901 1423 3993; x_wconf 86' lang='lat' dir='ltr'>opposita</span> <span class='ocrx_word' id='word_1_269' title='bbox 1451 3910 1604 3969; x_wconf 84' lang='lat' dir='ltr'>sunt</span> <span class='ocrx_word' id='word_1_270' title='bbox 1631 3895 1680 3995; x_wconf 77' lang='grc' dir='ltr'><em>ἦ</em></span> <span class='ocrx_word' id='word_1_271' title='bbox 1708 3909 1777 3968; x_wconf 87' lang='lat' dir='ltr'>et</span> <span class='ocrx_word' id='word_1_272' title='bbox 1809 3893 1922 3994; x_wconf 75' lang='grc' dir='ltr'>δή,</span> <span class='ocrx_word' id='word_1_273' title='bbox 1982 3900 2224 3989; x_wconf 88' lang='lat' dir='ltr'>quibus</span> <span class='ocrx_word' id='word_1_274' title='bbox 2256 3900 2477 3986; x_wconf 87' lang='lat' dir='ltr'>utitur,</span> <span class='ocrx_word' id='word_1_275' title='bbox 2531 3899 2649 3988; x_wconf 88' lang='lat' dir='ltr'>qui</span> <span class='ocrx_word' id='word_1_276' title='bbox 2675 3901 2809 3967; x_wconf 90' lang='lat' dir='ltr'>iam</span> <span class='ocrx_word' id='word_1_277' title='bbox 2836 3920 2972 3966; x_wconf 90' lang='lat' dir='ltr'>non</span> 
     </span>
     <span class='ocr_line' id='line_1_35' title="bbox 750 4002 2975 4096; baseline -0.003 -23"><span class='ocrx_word' id='word_1_278' title='bbox 750 4003 1010 4096; x_wconf 85' lang='lat' dir='ltr'>opinari</span> <span class='ocrx_word' id='word_1_279' title='bbox 1042 4027 1138 4090; x_wconf 86' lang='lat' dir='ltr'>se,</span> <span class='ocrx_word' id='word_1_280' title='bbox 1191 4003 1312 4072; x_wconf 84' lang='lat' dir='ltr'>sed</span> <span class='ocrx_word' id='word_1_281' title='bbox 1340 4004 1619 4073; x_wconf 87' lang='lat' dir='ltr'>credere</span> <span class='ocrx_word' id='word_1_282' title='bbox 1649 4014 1849 4093; x_wconf 87' lang='lat' dir='ltr'>atque</span> <span class='ocrx_word' id='word_1_283' title='bbox 1875 4002 2219 4071; x_wconf 84' lang='lat' dir='ltr'>confidere</span> <span class='ocrx_word' id='word_1_284' title='bbox 2252 4004 2564 4071; x_wconf 86' lang='lat' dir='ltr'>affirmat.</span> <span class='ocrx_word' id='word_1_285' title='bbox 2667 4002 2975 4071; x_wconf 82' lang='lat' dir='ltr'>Fortuita</span> 
     </span>
     <span class='ocr_line' id='line_1_36' title="bbox 751 4107 2973 4201; baseline -0.002 -25"><span class='ocrx_word' id='word_1_286' title='bbox 751 4115 1061 4176; x_wconf 77' lang='lat' dir='ltr'>notantur</span> <span class='ocrx_word' id='word_1_287' title='bbox 1088 4108 1432 4201; x_wconf 85' lang='lat' dir='ltr'>particulis</span> <span class='ocrx_word' id='word_1_288' title='bbox 1466 4107 1558 4179; x_wconf 76' lang='grc' dir='ltr'>ἄν</span> <span class='ocrx_word' id='word_1_289' title='bbox 1586 4108 1696 4175; x_wconf 78' lang='lat' dir='ltr'>vel</span> <span class='ocrx_word' id='word_1_290' title='bbox 1722 4108 1875 4185; x_wconf 65' lang='grc' dir='ltr'>κέν,</span> <span class='ocrx_word' id='word_1_291' title='bbox 1928 4129 2106 4195; x_wconf 91' lang='lat' dir='ltr'>quae</span> <span class='ocrx_word' id='word_1_292' title='bbox 2136 4107 2378 4176; x_wconf 83' lang='lat' dir='ltr'>Latine</span> <span class='ocrx_word' id='word_1_293' title='bbox 2406 4108 2811 4198; x_wconf 89' lang='lat' dir='ltr'>plerumque</span> <span class='ocrx_word' id='word_1_294' title='bbox 2838 4125 2973 4174; x_wconf 91' lang='lat' dir='ltr'>non</span> 
     </span>
     <span class='ocr_line' id='line_1_37' title="bbox 736 4209 2974 4304; baseline -0.004 -20"><span class='ocrx_word' id='word_1_295' title='bbox 736 4220 1036 4304; x_wconf 75' lang='lat' dir='ltr'>,possunt</span> <span class='ocrx_word' id='word_1_296' title='bbox 1063 4210 1380 4303; x_wconf 83' lang='lat' dir='ltr'>exprimi,</span> <span class='ocrx_word' id='word_1_297' title='bbox 1410 4211 1538 4280; x_wconf 85' lang='lat' dir='ltr'>sed</span> <span class='ocrx_word' id='word_1_298' title='bbox 1576 4211 1628 4280; x_wconf 92' lang='lat' dir='ltr'>si</span> <span class='ocrx_word' id='word_1_299' title='bbox 1658 4233 1835 4301; x_wconf 81' lang='lat' dir='ltr'>quae</span> <span class='ocrx_word' id='word_1_300' title='bbox 1861 4209 2102 4279; x_wconf 86' lang='lat' dir='ltr'>Latina</span> <span class='ocrx_word' id='word_1_301' title='bbox 2141 4211 2473 4302; x_wconf 84' lang='lat' dir='ltr'>particula</span> <span class='ocrx_word' id='word_1_302' title='bbox 2499 4209 2588 4279; x_wconf 84' lang='lat' dir='ltr'>ad</span> <span class='ocrx_word' id='word_1_303' title='bbox 2622 4209 2974 4302; x_wconf 86' lang='lat' dir='ltr'>propriam</span> 
     </span>
     <span class='ocr_line' id='line_1_38' title="bbox 752 4309 2972 4408; baseline -0.004 -25"><span class='ocrx_word' id='word_1_304' title='bbox 752 4337 986 4383; x_wconf 87' lang='lat' dir='ltr'>earum</span> <span class='ocrx_word' id='word_1_305' title='bbox 1029 4315 1162 4382; x_wconf 89' lang='lat' dir='ltr'>vim</span> <span class='ocrx_word' id='word_1_306' title='bbox 1201 4313 1714 4403; x_wconf 87' lang='lat' dir='ltr'>quodammodo</span> <span class='ocrx_word' id='word_1_307' title='bbox 1756 4313 2051 4398; x_wconf 86' lang='lat' dir='ltr'>accedit,</span> <span class='ocrx_word' id='word_1_308' title='bbox 2105 4322 2207 4382; x_wconf 85' lang='lat' dir='ltr'>est</span> <span class='ocrx_word' id='word_1_309' title='bbox 2243 4338 2325 4384; x_wconf 87' lang='lat' dir='ltr'>ea</span> <span class='ocrx_word' id='word_1_310' title='bbox 2349 4313 2599 4408; x_wconf 80' lang='lat' dir='ltr'>sorte:</span> <span class='ocrx_word' id='word_1_311' title='bbox 2654 4309 2972 4381; x_wconf 86' lang='lat' dir='ltr'>Germani</span> 
     </span>
     <span class='ocr_line' id='line_1_39' title="bbox 752 4413 2973 4511; baseline -0.003 -25"><span class='ocrx_word' id='word_1_312' title='bbox 752 4419 1083 4511; x_wconf 85' lang='lat' dir='ltr'>aptiorem</span> <span class='ocrx_word' id='word_1_313' title='bbox 1140 4418 1468 4491; x_wconf 84' lang='lat' dir='ltr'>habemus</span> <span class='ocrx_word' id='word_1_314' title='bbox 1501 4418 1907 4511; x_wconf 89' lang='lat' dir='ltr'>particulam</span> <span class='ocrx_word' id='word_1_315' title='bbox 1949 4426 2178 4502; x_wconf 69' lang='lat' dir='ltr'>cerva,</span> <span class='ocrx_word' id='word_1_316' title='bbox 2232 4418 2355 4489; x_wconf 88' lang='lat' dir='ltr'>sed</span> <span class='ocrx_word' id='word_1_317' title='bbox 2393 4440 2528 4486; x_wconf 90' lang='lat' dir='ltr'>non</span> <span class='ocrx_word' id='word_1_318' title='bbox 2559 4426 2785 4484; x_wconf 88' lang='lat' dir='ltr'>tamen</span> <span class='ocrx_word' id='word_1_319' title='bbox 2822 4413 2973 4484; x_wconf 89' lang='lat' dir='ltr'>ubi-</span> 
     </span>
     <span class='ocr_line' id='line_1_40' title="bbox 751 4516 2972 4617; baseline -0.003 -27"><span class='ocrx_word' id='word_1_320' title='bbox 751 4546 887 4612; x_wconf 89' lang='lat' dir='ltr'>que</span> <span class='ocrx_word' id='word_1_321' title='bbox 929 4522 1084 4593; x_wconf 84' lang='lat' dir='ltr'>satis</span> <span class='ocrx_word' id='word_1_322' title='bbox 1118 4521 1718 4599; x_wconf 83' lang='lat' dir='ltr'>accommodatam.</span> <span class='ocrx_word' id='word_1_323' title='bbox 1826 4521 1954 4617; x_wconf 78' lang='lat' dir='ltr'>Est</span> <span class='ocrx_word' id='word_1_324' title='bbox 1983 4530 2208 4591; x_wconf 90' lang='lat' dir='ltr'>autem</span> <span class='ocrx_word' id='word_1_325' title='bbox 2248 4521 2340 4596; x_wconf 75' lang='grc' dir='ltr'>ἄν</span> <span class='ocrx_word' id='word_1_326' title='bbox 2386 4530 2457 4592; x_wconf 88' lang='lat' dir='ltr'>et</span> <span class='ocrx_word' id='word_1_327' title='bbox 2499 4524 2618 4594; x_wconf 69' lang='grc' dir='ltr'>κὲν</span> <span class='ocrx_word' id='word_1_328' title='bbox 2655 4516 2972 4589; x_wconf 84' lang='lat' dir='ltr'>sumentis</span> 
     </span>
    </p>
   </div>
  </div>
 </body>
</html>
