3259 5275
765 518 895 582 m
1040 512 1144 575 uu
1183 505 1847 576 mscnwnoufflvs
1894 507 2344 587 vavsom
2391 507 2740 570 cums,

876 696 1304 822 θεῦπρᾳπος
1355 693 1627 774 ἐνθάδε
1684 703 1978 786 ποιῆται]
2030 695 2074 772 ὁ
2119 700 2198 820 ἐξ
2242 705 2625 822 θνητοῖσιν
2663 697 2986 798 ἄριστος,

1108 800 1760 900 Μτωωδωὴέτης
1800 795 2086 876 nautor
2125 796 2589 899 ἀφικόμενος.

770 959 1028 1027 Verum
1070 966 1146 1027 ut
1189 957 1336 1049 quis
1377 956 1622 1024 mirum
1661 954 1829 1023 illud
1875 957 1951 1029 ἐν
1999 958 2380 1053 θνητοῖσιν
2430 953 2724 1053 ἄριστος
2763 957 2991 1027 feren-

773 1061 941 1133 dum
981 1068 1209 1156 putet,
1261 1061 1317 1130 si
1355 1058 1631 1152 quidem
1672 1057 1765 1131 ad
1810 1081 2034 1127 mores
2084 1069 2290 1154 atque
2333 1059 2679 1152 ingenium
2731 1062 2988 1130 refera-

771 1176 918 1255 tur,
984 1163 1557 1257 quemadmodum
1601 1162 1915 1258 optimus
1956 1163 2386 1233 mortalium
2438 1162 2572 1231 dici
2616 1164 2821 1234 solet:
2890 1175 2992 1233 ta-

771 1292 931 1339 men
958 1263 1252 1352 παστός,
1306 1289 1509 1359 quam
1539 1288 1785 1335 vocem
1808 1265 2211 1335 wolckerus
2239 1287 2396 1338 cum
2432 1264 2772 1358 θάλαμος
2799 1291 2991 1337 eom-

771 1383 1005 1466 parat‚
1058 1394 1275 1462 aeque
1308 1381 1386 1440 ut
1409 1367 1746 1460 θάλαμος
1774 1370 1961 1439 nullo
1998 1379 2206 1463 pacto
2252 1393 2382 1463 pro
2423 1369 2771 1462 sepulcro,
2825 1373 2993 1441 sicut

770 1477 901 1569 ipsi
950 1476 1210 1568 placet,
1263 1474 1481 1567 accipi
1517 1482 1767 1565 potest.
1865 1473 1947 1542 ld
1983 1496 2124 1542 non
2176 1474 2393 1567 magis
2440 1473 2730 1565 licitum,
2784 1497 2990 1567 quam

771 1589 850 1649 ut
889 1579 1297 1648 Germanica
1346 1577 1563 1646 verba
1613 1576 1839 1664 hwa,
1897 1577 2256 1670 gemach,
2317 1569 2681 1665 hammer,
2742 1601 2876 1672 per
2920 1602 2990 1648 se

773 1684 917 1751 sola
959 1682 1348 1774 sepulcrum
1393 1680 1794 1773 significent.
1862 1680 1992 1760 ,Et
2026 1680 2374 1771 quomodo
2432 1682 2581 1771 quis
2635 1704 2720 1751 ex
2759 1682 2990 1751 litteris

771 1788 841 1854 in
880 1793 1315 1854 monumento
1354 1784 1638 1852 inventia
1680 1776 2126 1879 ἀφικόμενος
2176 1784 2418 1853 eruat?
2497 1807 2586 1853 ne
2626 1785 2991 1877 prosodiae

772 1891 839 1957 in
883 1889 1018 1956 hoc
1076 1889 1289 1957 verbo
1335 1887 1568 1955 vitium
1620 1908 2089 1955 memoremus,
2205 1886 2393 1972 Quin
2438 1887 2643 1955 etiam
2684 1894 2763 1962 ἐν
2813 1901 2989 1984 θνη-

772 1998 1010 2063 τοῖσιν
1049 1993 1204 2061 satis
1235 1991 1515 2059 licenter
1549 2013 1634 2058 ex
1661 1990 1939 2057 inventis
1980 1988 2211 2058 litteris
2237 2012 2623 2082 procusum.
2733 1992 2987 2061 Viden-

773 2106 883 2162 tur
936 2093 1010 2162 hi
1051 2093 1190 2163 duo
1245 2115 1476 2162 versus
1531 2092 1743 2161 modo
1806 2093 2062 2160 initium
2105 2094 2611 2186 epigrammatis
2663 2116 2852 2164 esset
2921 2105 2990 2162 ut

772 2191 1193 2290 θευπρόπος
1236 2205 1461 2266 vatem
1505 2196 1731 2286 potius
1770 2196 2142 2287 significet,
2202 2220 2409 2287 quam
2457 2219 2704 2266 nomen
2753 2199 2836 2268 sit
2870 2198 2985 2265 viri

769 2301 1145 2393 proprium.
1249 2299 1432 2369 Tum
1471 2299 1750 2390 quidem
1790 2299 2088 2369 iuvenilis
2132 2310 2316 2368 aetas
2360 2298 2828 2393 duodeviginti
2867 2324 2986 2368 au-

771 2426 1012 2472 norum
1068 2404 1256 2472 senili
1304 2401 1551 2472 cedere
1617 2399 1898 2471 debebit
1952 2401 2242 2473 hominis
2304 2403 2742 2497 octogenarii.
2863 2404 2984 2473 His

773 2507 1053 2599 sumptis
1092 2508 1232 2576 sine
1276 2505 1520 2575 audaci
1563 2505 1931 2575 mutatione
1975 2505 2115 2575 hoc
2151 2506 2433 2576 divinari
2468 2507 2656 2576 licet.

876 2654 1294 2753 θευπρόπος
1336 2655 1605 2734 ἐνθάδε
1630 2656 1938 2754 κε[ῖμαι]
1975 2653 2112 2734 ἐων
2152 2665 2229 2734 ἐν
2266 2666 2508 2734 τῡῖσιν
2543 2657 2886 2785 ἄριστος,

1108 2759 1787 2860 ὀγ[δωκοντα]έτης,
1848 2756 2092 2836 πάντα
2130 2790 2176 2836 τ
2237 2756 2456 2837 ἐόντα
2499 2752 2743 2859 σοφός.

773 2917 877 2986 lta
908 2917 1236 3007 quidem
1217 2940 1285 2986 ιιι
1327 2914 1653 2999 disticho,
1706 2914 1897 3005 quod
1944 2915 2386 3007 sequebatur,
2438 2917 2694 3006 aliquid
2733 2919 2825 2988 ad
2869 2942 2987 2988 ex-

770 3020 1097 3113 plendam
1157 3021 1587 3106 sententiam,
1647 3019 1935 3091 Homeri
1999 3020 2316 3112 exemplo
2331 3070 2352 3107 ‚
2419 3020 2760 3095 adiectum
2827 3023 2986 3093 fuo-

773 3125 890 3212 rit,
949 3148 1008 3193 e.
1065 3148 1123 3197 c.

877 3274 997 3350 καὶ
1025 3268 1127 3352 vo?
1154 3276 1758 3372 μετεσσομένοισι
1787 3267 2272 3372 γενησόμενα,
2313 3269 2460 3371 πρό
2490 3271 2569 3350 τ’
2594 3271 2836 3352 ἐόντα.

778 3428 1143 3500 Caeterum
1187 3429 1304 3497 illa
1346 3428 1639 3520 locutio,
1707 3431 1784 3501 ἐν
1826 3432 1981 3507 τοῖς
2027 3424 2362 3522 ἄριστος,
2415 3429 2611 3500 nimis
2669 3440 2832 3501 nota
2869 3443 2987 3519 est,

777 3556 980 3624 quam
1019 3542 1096 3602 ut
1134 3532 1642 3600 confirmatione
1683 3551 1857 3624 opus
1886 3529 2157 3599 habeat.

1834 3886 1916 3958 V.

981 4040 1059 4109 ln
1094 4040 1227 4108 alio
1267 4040 1340 4109 in
1379 4038 1637 4111 Osanni
1679 4062 1956 4132 quoque
1996 4039 2550 4133 Inscriptionibue
2604 4043 2767 4114 fasc.
2808 4046 2979 4116 Vffl.

776 4166 848 4235 p.
879 4138 1056 4217 421.
1112 4141 1294 4211 edito
1325 4144 1813 4237 epigrammate
1848 4140 1940 4212 ad
1967 4143 2336 4236 prosodiae
2366 4146 2601 4216 vitium
2641 4147 2712 4218 in
2751 4162 2980 4240 quarto

784 4269 981 4315 versu
1015 4244 1366 4315 attendere
1394 4246 1583 4316 iubet
1609 4246 2043 4317 wolckerus:

885 4393 1332 4498 πεντήκρντα
1364 4390 1620 4495 γάμων
1667 4397 1735 4475 δ’
1767 4402 1936 4476 ἔτεα
1975 4400 2417 4500 πλησαμένη.
