3259 5275
509 520 611 582 DE
637 518 1304 582 INscmP'rIoNJBvs
1333 518 1789 597 QvlssvsnAM
1824 524 2178 589 GRAECIS.
2334 530 2460 594 821

570 711 712 785 τοῦ
769 711 847 785 δὲ
903 737 991 785 συ
1002 710 1266 838 μηδὲν
1317 707 1567 811 ὅνησ,
1623 708 2056 807 οὐλομέναις
2089 713 2304 792 Αιδα

439 811 756 912 Χῖερσὶν
808 797 1411 911 α’ναρπασθεῖσα]
1532 864 2299 890 .......

225 993 388 1040 eum
432 992 571 1039 non
620 966 862 1037 dixerit
904 967 1179 1058 quidem
1221 967 1458 1058 aliquis
1501 968 1875 1039 absurdum
1922 970 2087 1061 quid
2132 979 2250 1039 aut
2289 974 2456 1041 stul-

222 1084 370 1142 tum
420 1082 539 1142 aut
586 1074 893 1164 ineptum
934 1081 1052 1140 aut
1092 1093 1373 1165 prorsus
1420 1094 1463 1139 a
1500 1074 1649 1141 veri
1698 1073 2124 1143 similitudine
2166 1075 2461 1145 alienum

221 1178 541 1270 posuisse
562 1228 584 1265 ‚
639 1176 763 1245 sed
790 1184 1017 1245 tamen
1046 1176 1519 1268 circumspecfi
1555 1176 1793 1245 iudicis
1833 1178 2288 1247 assensionem
2316 1203 2456 1249 non

219 1281 581 1373 impetret,
633 1279 792 1370 quia
835 1287 979 1348 tota
1019 1279 1134 1347 illa
1176 1279 1559 1348 emendatio
1606 1302 1692 1349 eo
1737 1280 1999 1371 nititur,
2069 1281 2258 1371 quod
2302 1284 2452 1352 finis

219 1383 773 1477 epigrammatiS‚
826 1391 896 1451 et
940 1381 1221 1473 quidem
1245 1391 1537 1476 propter
1563 1403 1767 1451 unam
1796 1385 1981 1452 illam
2015 1383 2309 1454 litteram
2340 1390 2451 1476 X,

219 1488 399 1556 visus
443 1487 528 1556 sit
562 1484 998 1554 intercidisse.
1092 1487 1188 1556 At
1234 1486 1343 1553 vix
1384 1485 1676 1555 dubitari
1718 1496 1980 1578 potest,
2033 1489 2193 1578 quin
2242 1511 2451 1579 quum

216 1601 611 1684 postremae
656 1589 916 1658 litterae
956 1590 1086 1657 sint
1118 1588 1728 1678 EPGAIAAX‚
1780 1595 1863 1665 X
1905 1588 2075 1659 illud
2120 1589 2287 1659 nihil
2326 1593 2449 1661 nisi

216 1695 402 1762 male
429 1694 682 1763 lectum
704 1690 792 1761 N
808 1693 912 1780 sit,
946 1693 1316 1782 exieritque
1346 1692 1771 1786 epigramma
1795 1694 1864 1762 in
1890 1693 2065 1763 haec
2093 1694 2321 1782 verba,
2351 1698 2450 1775 εἰς

214 1793 513 1872 Ἀΐδαν.
599 1796 708 1864 Ex
736 1794 871 1863 hac
903 1804 1129 1864 autem
1158 1795 1628 1864 observafione
1660 1796 2001 1883 elucescit,
2050 1797 2120 1865 in
2142 1801 2378 1872 ΕΘΗ
2392 1799 2458 1869 C

218 1901 434 1971 latere
477 1901 656 1996 ἔβης.
775 1899 1015 1988 ltaque
1060 1899 1322 1989 reliqua
1367 1907 1522 1967 sunt
1570 1900 1647 1969 E
1651 1903 1722 1972 Y
1706 1903 1950 1976 ΛΟΜ
1951 1900 2175 1973 ΕΝΔ
2185 1949 2206 1984 ‚
2274 1924 2450 1992 quae

216 2005 485 2073 litterae
517 2026 651 2073 non
677 2002 898 2071 minus
951 2024 1156 2093 quam
1182 2000 1503 2071 sermonis
1538 2001 1714 2070 ratio
1738 2002 1831 2071 ad
1855 2003 2284 2096 participium
2319 2006 2447 2073 ali-

212 2106 414 2199 quod
448 2105 672 2176 redire
717 2107 973 2178 iubent.
1080 2105 1216 2175 Hic
1260 2126 1536 2195 quoque
1580 2105 1924 2176 Homerus
1940 2156 1962 2194 ,
2014 2116 2090 2175 ut
2131 2130 2336 2201 supra
2380 2110 2447 2176 in

216 2203 586 2305 navdmpe,
637 2210 921 2279 verbum
954 2207 1146 2299 quod
1178 2209 1563 2299 quaerimus
1597 2208 2009 2302 suppeditat,
2062 2205 2445 2305 οὐνομένα.

216 2313 413 2382 Iliad.
454 2312 704 2381 xxiv.
761 2311 937 2384 241.

316 2461 374 2564 ἦ
425 2461 758 2557 οὔποθ’,
813 2462 933 2540 ὅτι
985 2490 1122 2558 μοι
1172 2459 1541 2561 Κρονίδης
1589 2458 1776 2547 Ζευς
1827 2462 2018 2561 ἄλγε’
2055 2467 2340 2556 ἔδωκεν,

326 2564 523 2645 παῖδ’
554 2565 805 2645 ὀλέσαι
852 2562 989 2644 τόν
1042 2563 1398 2667 decoram

213 2724 304 2794 ld
340 2723 765 2818 grammatici
821 2719 1068 2817 ὄνησιν
1131 2721 1334 2810 ἔχετε
1377 2720 1934 2814 interpretantur,
2003 2723 2192 2814 quod
2243 2744 2447 2818 prae-
2489 2756 2494 2767 ‘

213 2829 389 2898 bent
424 2827 850 2921 Hesychius,
914 2823 1316 2917 Apollonius
1359 2824 1431 2892 in
1475 2824 1734 2893 Lexico
1785 2825 2156 2895 Homerico
2174 2878 2193 2915 ,
2239 2827 2446 2897 scho-

214 2933 477 3005 liastae.
582 2928 939 3000 Eiusmodi
976 2928 1234 2996 rariora
1268 2927 1483 2996 verba
1526 2928 1864 2997 recentius
1913 2952 2154 2998 aevum
2200 2928 2289 2999 de
2335 2931 2446 2999 in-

216 3035 484 3104 dustria
507 3033 1042 3104 consectabatur.
1149 3030 1229 3098 In
1273 3031 1552 3100 elisione
1598 3032 1739 3099 sive
1775 3028 2076 3123 synizesi‘
2109 3033 2293 3102 nulla
2331 3034 2444 3103 of·—

214 3139 460 3208 fensio.
562 3137 843 3207 Indulsit
875 3159 1027 3204 eam
1064 3133 1189 3202 sibi
1224 3135 1514 3225 scriptor
1558 3133 1803 3202 eodem
1853 3135 2100 3221 modo,
2153 3158 2292 3228 quo
2325 3160 2444 3205 su-

214 3265 352 3336 pra
385 3240 711 3333 χείουσαι
751 3232 1139 3356 ἅπόδημρν
1180 3237 1465 3328 scripsit.
1571 3235 1688 3306 Sic
1720 3237 1925 3329 igitur
1954 3238 2157 3308 etiam
2196 3239 2265 3307 in
2295 3241 2441 3331 pri·

217 3368 335 3414 mo
396 3345 607 3413 latere
672 3342 914 3437 lapidis
959 3339 1381 3433 epig-ramma
1440 3338 1771 3408 habemus
1810 3342 2184 3443 integrum,
2256 3352 2441 3411 recte

216 3449 586 3541 scriptum,
638 3457 842 3539 atque
888 3468 931 3513 a
980 3442 1409 3513 barbarismis
1439 3443 1761 3512 liberum.

324 3594 611 3694 Δμωοῖν
665 3599 1072 3695 Δωροθέας
1110 3592 1571 3714 μεταχείριοι
1622 3623 1759 3693 την
1813 3590 2222 3690 ὁμόδουλον

426 3706 807 3799 παρθένον
862 3704 960 3782 εἰς
1008 3696 1266 3824 Ἀιδην
1318 3692 1618 3772 θάπτον
1658 3696 2202 3829 ἅπερχρμέναν.

324 3804 512 3932 ἄρτι
555 3808 638 3887 δέ
685 3831 851 3895 τοι,
907 3829 1277 3898 navamus,
1336 3794 1508 3892 xvdc
1559 3798 1838 3892 χείουσ
1843 3797 2259 3927 α’πόδημον

426 3904 754 4005 νύμφιον
808 3913 883 3983 ἐκ
935 3899 1289 3998 nel-ayone
1343 3900 1543 3978 εἶδον
1577 3898 2104 4029 ἐπερχόμενον.

324 4009 492 4087 ἀλλ’
526 4011 573 4087 ὃ
613 4014 753 4104 μὲν
805 4004 1008 4106 ἐγγυς
1059 4010 1228 4107 ἔτλη
1279 4004 1402 4081 καὶ
1459 4000 1816 4103 στήμεναι
1868 4003 2439 4104 κάπιδακρῦσαι·

424 4115 568 4192 τοῦ
620 4117 700 4190 δὲ
753 4141 841 4187 συ
891 4112 1115 4212 μηδὲν
1168 4113 1334 4209 ἔβης
1387 4104 1752 4205 οὐνομένα
1809 4114 1908 4193 εἰς
1956 4107 2239 4185 Αΐδαν.

1149 4410 1427 4419 ——-——-—-—..-.
1464 4413 1543 4419 ---

322 4641 566 4711 Humr.
622 4638 754 4713 ΟΡ.
801 4640 914 4713 lV.
1965 4636 2033 4705 X
