3259 5275
677 488 779 554 10<
1366 483 1484 544 DE
1553 482 2101 545 PARTlcVLA
2142 478 2237 550 ἄν

677 669 1206 774 ἀντεβόλησας,
1276 674 1402 746 sed
1439 675 1616 744 male
1657 675 1726 746 in
1767 696 1854 743 eo
1881 696 2081 744 versu
2124 675 2239 765 qni
2283 674 2411 746 hos
2453 678 2758 768 sequitur
2802 677 2905 746 sic

570 817 579 826 .
677 780 1094 851 scribebant:

884 960 1072 1041 ᾰλλοῖ
1096 992 1175 1041 κε
1201 971 1402 1041 κεῖνα
1425 960 1751 1061 μάλιστα
1786 959 1960 1041 idcir
1988 961 2387 1064 ἐτεθήπεας
2419 966 2663 1063 θυμῷ.

675 1151 1059 1245 Vtrumque
1104 1157 1172 1223 in
1219 1164 1568 1248 postrema
1614 1152 1908 1224 editione
1957 1155 2218 1247 recepit
2259 1153 2566 1227 wolfius.
2669 1129 2906 1249 Vulgo

677 1251 1091 1354 ἐτεθήπεα,
1162 1282 1247 1326 ex
1304 1255 1442 1328 od.
1498 1268 1551 1345 ζ.
1611 1256 1785 1327 166.
1839 1268 1915 1326 ut
1962 1259 2222 1350 opinor.
2327 1259 2459 1329 Alii
2509 1252 2906 1353 ἑτεθήπεο,

679 1360 792 1428 alii
819 1354 1138 1455 θηήσαο,
1168 1384 1374 1450 quam
1407 1385 1639 1430 veram
1669 1362 2068 1453 scripturam
2099 1384 2246 1429 esse
2272 1362 2382 1429 vix
2414 1362 2565 1429 sinit
2592 1361 2909 1430 dubitare
3014 1361 3018 1370 '

679 1463 1048 1531 simillimus
1075 1466 1299 1550 locuS,
1354 1464 1490 1535 od.
1520 1470 1578 1539 λ.
1612 1460 1791 1533 415.
1818 1488 2009 1556 seqq.
2113 1464 2321 1534 Aliud
2356 1473 2752 1559 corruptum
2788 1488 2908 1533 ex-

680 1566 985 1659 emplum
1015 1567 1344 1637 invenitur
1376 1565 1514 1638 od.
1544 1577 1600 1651 ξ.
1629 1564 1804 1636 162.

882 1751 1028 1827 τοῦ
1049 1752 1188 1846 μὲν
1218 1752 1617 1848 φθίνοντος
1643 1748 1904 1853 μηνός,
1955 1755 2096 1829 τοῦ
2129 1751 2201 1828 δ’
2235 1757 2694 1849 ἱσταμένοιο,

886 1858 1134 1929 οἴκαδε
1161 1852 1537 1975 νοστήσει,
1587 1858 1710 1931 καὶ
1751 1857 2072 1945 τίσεται,
2127 1855 2205 1937 ὅς
2233 1884 2352 1931 κεν
2381 1864 2519 1930 ἐπει
2511 1860 2655 1931 ’νου

884 1952 1148 2033 &vodo
1184 1954 1526 2054 ἀτιμάζει
1559 1959 1829 2051 αλοχον
1862 1958 1984 2032 καὶ
2019 1960 2396 2056 φαιᾞδιμον
2405 1955 2590 2035 υἱόν.

674 2146 813 2217 Hic
842 2153 958 2218 aut
978 2139 1297 2242 clv-magn
1321 2147 1771 2236 scribendum,
1813 2155 1948 2235 ant,
1985 2157 2247 2216 servato
2274 2147 2734 2237 indicativo,''
2685 2177 2908 2243 οςτις,

675 2250 868 2342 qnod
897 2250 1025 2318 alii
1034 2249 1190 2318 libri
1214 2248 1491 2319 habent.

885 2352 1051 2424 Sed
1063 2352 1217 2420 satis
1253 2351 1343 2420 de
1379 2352 1520 2440 his,
1566 2376 1745 2445 qnae
1784 2352 1947 2421 ferri
1981 2317 2340 2444 nequeunt.
2442 2354 2684 2424 Dicam
2726 2379 2912 2425 nnnc

677 2456 771 2525 de
811 2455 940 2525 illis
980 2454 1247 2524 dnobus
1297 2454 1554 2544 modis,
1607 2479 1780 2546 quos
1822 2478 2028 2547 supra
2058 2457 2288 2524 monui
2327 2459 2569 2525 rationi
2606 2481 2747 2526 non
2787 2484 2909 2528 re·-

675 2580 1028 2653 pugnare,
1097 2557 1153 2626 si
1203 2558 1464 2651 possint
1516 2558 1839 2652 exemplis
1897 2560 2295 2627 confirmari.
2415 2559 2674 2629 Eorum
2714 2564 2910 2656 prior

678 2672 826 2732 erat
877 2663 966 2745 is,
1031 2670 1106 2730 nt
1158 2661 1229 2729 in
1275 2664 1655 2732 narratione
1699 2664 1798 2733 rei
1839 2662 2158 2732 fortuitae
2210 2665 2785 2753 quemadmodum
2837 2668 2911 2735 in

676 2765 1054 2858 praeteritis
1076 2812 1098 2851 ,
1149 2764 1244 2832 sic
1285 2766 1489 2833 etiam
1523 2789 1680 2835 cnm
1717 2768 2086 2858 praesentis
2126 2766 2486 2835 indicativo
2527 2769 2910 2861 coniunge-

675 2878 864 2937 retur
886 2866 1000 2940 ἄν.
1100 2867 1354 2935 Fateor
1379 2891 1564 2955 vero,
1615 2869 1873 2938 nullum
1907 2869 2074 2937 mihi
2100 2872 2483 2963 exemplum
2512 2873 2909 2960 occurrisse,

677 2971 869 3063 qnod
901 2971 1087 3040 hnnc
1132 2992 1328 3039 nsum
1367 2972 1460 3040 ita
1494 2973 1756 3058 firmet,
1823 2980 1900 3039 ut
1945 2994 2085 3065 non
2126 2981 2241 3040 ant
2287 2983 2720 3065 corruptum,
2787 2984 2910 3043 ant

677 3076 917 3144 saltem
963 3083 1353 3167 suspectum
1383 3074 1705 3146 videatur.
1808 3074 1954 3144 Sed
1992 3075 2564 3165 quemadmodum
2606 3088 2905 3147 temera-

674 3179 811 3247 rius
862 3186 1073 3263 esset,
1128 3177 1246 3267 qui
1290 3176 1506 3245 dubiis
1545 3178 1874 3270 exemplis
1918 3178 2323 3265 confideret,
2375 3180 2468 3247 ita
2502 3202 2641 3247 non
2684 3182 2906 3250 minus

673 3281 1165 3351 inconsiderate
1210 3289 1479 3372 ageret,
1532 3280 1650 3370 qni
1697 3304 1872 3370 quae
1916 3303 2053 3349 non
2098 3290 2216 3348 ant
2256 3283 2453 3350 certis
2517 3293 2633 3351 aut
2675 3285 2904 3353 multis

676 3384 1001 3476 exemplis
1030 3384 1476 3476 comprobata
1503 3384 1798 3465 videret,
1850 3406 1938 3452 ne
1987 3390 2196 3475 ‘posse
2247 3384 2523 3474 quidem
2566 3385 2703 3454 dici
2733 3408 2907 3456 con·-

676 3485 1006 3557 tenderet.
1105 3486 1318 3580 Apud
1344 3487 1724 3557 Homerum
1752 3486 1942 3557 mad.
1979 3496 2036 3570 ξ.
2067 3485 2241 3555 484.
2273 3488 2553 3580 legitur:

1672 3674 1780 3769 τῷ
1804 3671 1926 3746 καί
1946 3675 2031 3747 κε’
2049 3700 2162 3754 τις
2196 3670 2490 3763 εὔχεται
2521 3670 2707 3774 α’νηρ

883 3801 1164 3872 γνωτον
1193 3775 1299 3850 ἑνὶ
1324 3768 1759 3873 μεγάροισιν
1791 3772 1968 3874 ἀρῆς
1995 3771 2317 3872 α’λκτῆρα
2339 3779 2711 3852 land-afflat

676 3963 747 4033 Ν
748 3986 837 4031 on
864 3961 1063 4033 facile
1100 3960 1275 4033 haec
1308 3963 1660 4054 quisquam
1688 3961 2256 4054 reprehenderet,
2309 3964 2364 4033 si
2405 3966 2690 4036 verbum
2721 3977 2907 4037 esset

677 4067 1002 4159 temporis
1032 4065 1395 4160 praeteriti.
1502 4067 1754 4135 Verum
1788 4067 1911 4135 etsi
1945 4065 2118 4135 haec
2164 4077 2266 4135 est
2294 4068 2782 4159 plerorumque
2815 4073 2906 4141 li-

676 4170 958 4238 brorum
995 4171 1361 4262 scriptura‚
1410 4178 1639 4239 tamen
1666 4169 1833 4238 nihil
1880 4170 1942 4238 ei
1979 4169 2406 4239 tribuendum
2433 4181 2554 4242 est.
2664 4172 2904 4243 Omis-

680 4295 831 4342 sum
859 4281 962 4342 est
987 4300 1066 4346 κε
1099 4274 1168 4341 in
1214 4272 1450 4342 codice
1492 4272 1679 4366 apud
1711 4272 2096 4358 Clarkium,
2145 4274 2521 4364 omittitque
2561 4278 2633 4344 in
2676 4278 2905 4370 expli-

681 4377 943 4445 catione
993 4377 1127 4445 loci
1172 4375 1564 4444 Enstathius
1606 4400 1678 4469 p.
1739 4372 1930 4464 998,
1995 4376 2117 4447 41.
2170 4374 2393 4466 (995,
2442 4374 2616 4470 15.)
2721 4380 2902 4450 Cod.

675 4474 861 4550 Vrat.
904 4479 970 4552 d.
1003 4488 1228 4551 antem
1269 4479 1479 4551 habet
1514 4479 1621 4569 id,
1673 4478 1866 4570 qnod
1902 4487 1978 4549 nt
2024 4488 2094 4549 et
2141 4480 2608 4552 consuetudini
2650 4493 2904 4576 poetae
