3259 5275
765 416 850 482 16
1471 413 1586 474 DE
1633 409 2162 474 PARTlchA
2206 405 2302 474 ἄν

763 605 1249 702 προςέρχεται
1263 611 1413 688 τοῖς
1441 604 1869 698 δυναμένοις
1897 631 2033 701 την
2069 602 2240 702 ὕλην
2269 598 2506 678 αυτοῦ
2541 605 2962 727 παραδέξα-

687 793 698 801 ,
765 720 986 796 σθαι,
1068 710 1478 805 ἔγραφον
1526 707 1693 796 ἄν,
1772 709 2130 803 ἔγραψα
2192 705 2340 796 ἄν,
2405 700 2971 830 ἐγεγράφειν

764 809 908 884 οἶν·
977 807 1067 883 οὐ
1069 806 1252 930 μήν
1291 813 1399 905 τῷ
1445 806 1768 937 γροῖφηω
1809 810 1856 907 ἢ
1906 804 2255 908 γράψω·
2293 805 2398 888 οὕ
2442 837 2585 907 γαρ
2620 803 2972 908 παρῴχη-

761 942 931 1001 vac,
940 909 1086 988 ”ἵν
1112 908 1474 1011 ἑγχωρῆσῃ
1503 914 1622 987 καὶ
1658 912 1699 1003 ἡ
1732 917 1806 987 ἐκ
1844 915 1984 986 τοῦ
2011 914 2413 1004 συνδέσμου
2441 909 2807 1009 α’ναίρεσις
2834 914 2973 1005 μὲν

758 1017 900 1089 τοῦ
940 1012 1358 1111 γεγονότος,
1410 1016 1796 1139 ἐπαγγελία
1830 1016 1908 1090 δὲ
1936 1016 2075 1089 τοῦ
2114 1015 2483 1107 ἑσομεᾝνου
2552 1014 2671 1088 καὶ
2714 1014 2974 1089 ἐντεῦ-

760 1113 900 1192 θεν
939 1119 1015 1192 δὲ
1064 1114 1494 1213 πειθόμεθα
1537 1117 1658 1193 ὅτι
1705 1115 1796 1192 ου’
1830 1119 2351 1243 παρῳχημένου
2389 1121 2806 1194 συντέλειαν
2801 1144 2970 1241 ..⁶⁷²-

755 1219 1008 1315 μαίνει
1051 1219 1094 1295 ὁ
1135 1222 1704 1315 παρακείμενος,
1776 1216 1911 1320 τήν
1979 1250 2059 1313 γε
2098 1245 2246 1314 μην
2296 1220 2716 1294 ἑνεστωσαν.
2785 1218 2973 1295 ὅθεν

762 1321 973 1398 οὐδὲν
1010 1319 1498 1421 δυνησόμενον
1538 1328 1880 1418 γενέσθαι
1916 1326 2220 1420 παρεδεζξ·
2224 1350 2390 1403 ατο,
2440 1322 2560 1396 καὶ
2589 1317 2714 1397 δια
2742 1324 2972 1398 τοῦτο

758 1422 1146 1523 απροςδεής
1195 1427 1336 1501 τοῦ
1392 1427 1501 1501 ἄν
1571 1430 1973 1519 συνδέσμου
2035 1420 2370 1518 ἐγεγόνει.
2434 1431 2512 1500 ἐν
2574 1426 2668 1523 τῇ
2719 1428 2976 1499 συνδο-

759 1530 980 1625 σμικῇ
1012 1523 1342 1612 συνταξει
1371 1532 1870 1625 ἑντελέστερον
1902 1557 1997 1602 τα
2029 1530 2345 1603 τοιαῦτα
2382 1531 2758 1604 δεᾛδοικται
2824 1530 2976 1598 Ae-

638 1631 647 1643 '
754 1655 882 1725 gre
918 1633 1195 1723 quidem
1237 1655 1539 1702 caremus
1577 1634 1689 1701 illa
1718 1633 2033 1712 uberiore
2066 1633 2515 1724 expositione,
2581 1630 2705 1700 sed
2743 1641 2978 1703 tamen
3011 1671 3016 1675 ·

755 1737 864 1804 vel
892 1759 977 1804 ex
1004 1736 1145 1820 his,
1198 1759 1374 1825 quae
1403 1736 1516 1803 hic
1545 1736 1764 1804 obiter
1794 1735 2010 1804 attulit
2041 1735 2480 1826 ApolloniuS,
2533 1735 2760 1827 colligi
2802 1747 2974 1827 pot-

754 1846 892 1928 est,
945 1839 1055 1906 alii
1099 1862 1303 1928 quam
1348 1838 1647 1908 debebat
1677 1838 2113 1907 fundamento
2141 1837 2658 1930 disputationem
2683 1838 2820 1907 eius
2852 1861 2975 1907 su-

750 1950 1195 2034 perstructum
1228 1966 1394 2014 esse.
1494 1939 1751 2011 Mirum
1780 1941 2092 2034 profecto
2120 1949 2256 2026 est,
2309 1940 2510 2011 etiam
2550 1940 2975 2022 doctissimos

749 2044 1366 2136 eruditissimosque
1434 2047 1912 2138 grammaticos
1977 2066 2462 2136 saepenumero
2532 2066 2670 2112 non
2736 2042 2974 2132 modo,

749 2147 942 2237 quod
990 2149 1300 2217 accidere
1351 2150 1554 2218 cuivis
1602 2158 1831 2241 potest
1847 2193 1869 2229 ‚
1918 2148 1989 2216 in
2031 2148 2287 2217 ratione
2325 2145 2678 2215 reddenda
2720 2170 2974 2236 errare,

748 2251 873 2320 sed
916 2252 1116 2320 etiam
1157 2273 1334 2341 quae
1363 2274 1490 2321 usu
1524 2252 1790 2320 firmata
1837 2259 1907 2319 et
1947 2250 2390 2342 comprobata
2422 2259 2574 2320 sunt
2611 2251 2724 2319 vel
2763 2251 2974 2344 igno-

747 2377 899 2430 rare
934 2354 1147 2423 videri
1164 2403 1186 2441 ‚
1236 2356 1348 2423 vel
1388 2353 1634 2423 diserte
1668 2362 1744 2422 ut
1781 2375 1997 2446 prava
2038 2354 2336 2423 reiicere.
2441 2353 2817 2444 Vtrumque
2855 2355 2973 2423 fa-

750 2466 934 2525 ctum
983 2456 1287 2526 videmus
1332 2456 1405 2525 in
1445 2456 1579 2525 hac
1628 2456 2100 2550 disputatione.
2203 2457 2383 2525 Nam
2428 2479 2650 2547 neque
2708 2479 2973 2546 caussa,

638 2566 646 2574 '
748 2582 870 2628 cur
914 2560 1254 2652 praesenti
1293 2570 1364 2628 et
1404 2559 1634 2629 futuro
1681 2559 1869 2654 iungi
1901 2567 2194 2649 nequeat
2222 2557 2354 2652 ἄν,
2402 2571 2589 2628 recte
2632 2561 2976 2653 explicata

748 2674 850 2732 est
885 2666 974 2733 ab
1008 2664 1411 2756 Apollonio,
1462 2686 1686 2755 neque
1727 2665 1955 2757 ipsum
1981 2662 2150 2731 illud
2177 2685 2411 2733 verum
2439 2673 2575 2752 est,
2623 2686 2763 2732 non
2793 2686 2978 2733 con-

744 2767 985 2835 sociari
1016 2768 1418 2860 particulam
1458 2767 1655 2836 istam
1692 2790 1848 2835 cum
1883 2765 1986 2848 his
2023 2766 2441 2858 temporibus
2460 2814 2482 2853 ,
2506 2814 2511 2819 -
2535 2765 2972 2859 quandoqui-

744 2869 905 2938 dem
934 2871 1233 2941 futurum
1263 2872 1518 2957 saltem,
1547 2872 1616 2939 in
1647 2870 1878 2962 primis
1910 2869 2097 2961 apud
2123 2868 2525 2957 Homerum,
2545 2890 2754 2960 quem
2786 2893 2969 2964 prae

745 2975 1025 3044 caeteris
1085 2975 1524 3066 scriptoribus
1579 2975 1886 3042 omnibus
1942 2973 2367 3064 grammatici
2415 2974 2513 3041 ini
2535 2973 2971 3063 ,tractabang

742 3077 1132 3169 saepissime
1172 3077 1483 3146 adsciscit
1538 3074 1654 3150 ἄν.
1772 3076 2018 3144 Nititur
2073 3075 2418 3167 Apollonii
2475 3077 2802 3145 sententia
2852 3099 2970 3164 eo,

739 3181 928 3270 quod
948 3180 1055 3259 ,οἳν
1082 3181 1277 3250 tollat
1309 3179 1656 3249 veritatem
1699 3179 1894 3265 facti,
1946 3178 2286 3268 faciatque
2322 3187 2398 3247 ut
2438 3177 2603 3269 quid
2627 3202 2765 3248 non
2809 3180 2972 3250 fieri

738 3285 1081 3353 factumve
1106 3308 1252 3353 esse
1270 3338 1290 3373 ,
1343 3282 1467 3353 sed
1491 3305 1694 3375 posse
1725 3283 1873 3352 fieri
1901 3283 2254 3373 cogitetur.
2356 3282 2557 3350 Nunc
2581 3282 2672 3350 ait
2697 3284 2967 3374 imper-

738 3388 1031 3473 fectum,
1073 3389 1392 3457 aoristum
1409 3437 1430 3474 ,
1482 3384 2254 3478 plusquamperfectum,
2296 3385 2406 3452 vel
2433 3407 2611 3475 qnae
2642 3408 2728 3456 ex
2760 3395 2965 3479 parte

737 3490 923 3558 facta
953 3492 1121 3578 sint,
1170 3491 1282 3560 vel
1322 3490 1592 3582 pridem
1616 3490 1797 3557 facta
1840 3488 2232 3580 designare:
2275 3488 2550 3556 -idcirco
2587 3488 2668 3557 iis
2711 3511 2966 3560 conve·

736 3593 883 3662 nire
918 3589 1037 3667 ἇνζ
1135 3593 1397 3678 Quibus
1427 3592 1565 3659 hoc
1609 3592 1878 3661 videtur
1911 3590 2172 3678 dicere,
2223 3591 2641 3687 temporibus
2680 3591 2818 3661 istis
2846 3594 2962 3663 vel

735 3696 1003 3787 penitus
1041 3696 1153 3763 vel
1207 3717 1292 3764 ex
1334 3704 1545 3787 parte.
1582 3695 1728 3764 tolli
1776 3695 2064 3763 facmm:
2137 3714 2314 3783 quae
2358 3695 2537 3762 enim
2584 3694 2772 3764 facta
2809 3695 2961 3781 sint,

732 3801 872 3866 iam
896 3821 1034 3867 non
1050 3798 1250 3881 -fieri;
1298 3798 1369 3866 in
1392 3807 1747 3891 praesente
1771 3806 1995 3865 autem
2026 3804 2095 3864 et
2126 3796 2354 3865 futuro
2381 3797 2542 3867 nihil
2569 3820 2736 3886 esse,
2764 3799 2962 3889 quod

735 3902 879 3971 tolli
910 3903 1157 3994 possit:
1209 3922 1364 3970 nam
1390 3899 1579 3991 quod
1604 3902 1743 3987 fiat,
1789 3922 1927 3968 non
1953 3899 2152 3968 etiam
2179 3922 2316 3968 non
2341 3900 2520 3984 fieri3
2570 3923 2780 3990 quam
2804 3925 2959 3972 esse

735 4005 937 4073 etiam
980 4004 1271 4096 perfecti
1314 4005 1673 4093 rationem,
1724 4003 1985 4094 quippe
2013 4002 2199 4092 quod
2237 4013 2663 4095 praesentem
2709 4028 2752 4073 a
2791 4028 2957 4098 per-

681 4106 689 4113 ’
733 4107 917 4177 fecta
956 4130 1033 4175 re
1073 4118 1319 4177 statum
1371 4106 1655 4189 indicet;
1707 4105 1912 4195 ¹quod
1955 4116 2181 4174 autem
2222 4105 2523 4175 futurum
2563 4108 2679 4196 sit,
2739 4130 2827 4179 ne
2863 4130 2955 4177 eo

678 4262 687 4269 -
733 4210 1011 4302 quidem
1047 4210 1213 4280 dum
1241 4211 1626 4304 pervenisse
1645 4261 1668 4298 ‚
1720 4219 1795 4278 ut
1820 4209 2032 4280 fieret.
2131 4209 2328 4278 Haec
2358 4211 2660 4299 quamvis
2686 4211 2953 4280 subtili-

732 4326 837 4383 ter
880 4314 1014 4383 sint
1061 4313 1402 4408 disputata
1417 4367 1440 4405 ,
1490 4323 1719 4385 tamen
1739 4362 1760 4401 ,
1826 4313 2147 4402 quoniam
2203 4311 2715 4382 fundamentum
2731 4363 2753 4406 ‚
2807 4335 2952 4405 quo

733 4418 1028 4488 nituntur
1044 4427 1095 4511 ‚'
1120 4416 1616 4511 angustioribus
1646 4424 1749 4488 est
1788 4436 1993 4508 quam
2034 4425 2432 4510 oportuerat
2458 4416 2775 4488 limitibus
2812 4418 2954 4486 cir-
