<?xml version="1.0" encoding="UTF-8"?>
<!DOCTYPE html PUBLIC "-//W3C//DTD XHTML 1.0 Transitional//EN"
    "http://www.w3.org/TR/xhtml1/DTD/xhtml1-transitional.dtd">
<html xmlns="http://www.w3.org/1999/xhtml" xml:lang="en" lang="en">
 <head>
  <title>
</title>
<meta http-equiv="Content-Type" content="text/html;charset=utf-8" />
  <meta name='ocr-system' content='tesseract 3.04.00' />
  <meta name='ocr-capabilities' content='ocr_page ocr_carea ocr_par ocr_line ocrx_word'/>
</head>
<body>
  <div class='ocr_page' id='page_1' title='image "./godofrediherman03fritgoog_0225.png"; bbox 0 0 3259 5275; ppageno 0'>
   <div class='ocr_carea' id='block_1_1' title="bbox 1069 495 2484 570">
    <p class='ocr_par' dir='ltr' id='par_1_1' title="bbox 1069 495 2484 570">
     <span class='ocr_line' id='line_1_1' title="bbox 1069 495 2484 570; baseline 0.01 -14"><span class='ocrx_word' id='word_1_1' title='bbox 1069 495 1679 558; x_wconf 79' lang='lat' dir='ltr'>COLVTHI.</span> <span class='ocrx_word' id='word_1_2' title='bbox 2325 504 2484 570; x_wconf 57' lang='lat' dir='ltr'><strong>-m</strong></span> 
     </span>
    </p>
   </div>
   <div class='ocr_carea' id='block_1_2' title="bbox 215 684 2553 3668">
    <p class='ocr_par' dir='ltr' id='par_1_2' title="bbox 215 684 2553 3668">
     <span class='ocr_line' id='line_1_2' title="bbox 279 684 2553 780; baseline 0.001 -23"><span class='ocrx_word' id='word_1_3' title='bbox 279 686 431 780; x_wconf 87' lang='lat' dir='ltr'><strong>quid</strong></span> <span class='ocrx_word' id='word_1_4' title='bbox 462 684 786 758; x_wconf 77' lang='lat' dir='ltr'><strong>debuerit.</strong></span> <span class='ocrx_word' id='word_1_5' title='bbox 888 685 999 754; x_wconf 93' lang='lat' dir='ltr'><strong>Eo</strong></span> <span class='ocrx_word' id='word_1_6' title='bbox 1037 685 1398 778; x_wconf 78' lang='lat' dir='ltr'><strong>optabilius</strong></span> <span class='ocrx_word' id='word_1_7' title='bbox 1430 686 1709 772; x_wconf 87' lang='lat' dir='ltr'><strong>accidit,</strong></span> <span class='ocrx_word' id='word_1_8' title='bbox 1763 688 1818 756; x_wconf 84' lang='lat' dir='ltr'><strong>si</strong></span> <span class='ocrx_word' id='word_1_9' title='bbox 1852 688 2024 757; x_wconf 86' lang='lat' dir='ltr'><strong>viam</strong></span> <span class='ocrx_word' id='word_1_10' title='bbox 2055 689 2346 779; x_wconf 75' lang='lat' dir='ltr'><strong>aliquam</strong></span> <span class='ocrx_word' id='word_1_11' title='bbox 2379 693 2476 760; x_wconf 90' lang='lat' dir='ltr'><strong>in·</strong></span> <span class='ocrx_word' id='word_1_12' title='bbox 2536 725 2553 752; x_wconf 69' lang='lat' dir='ltr'>x</span> 
     </span>
     <span class='ocr_line' id='line_1_3' title="bbox 279 783 2474 884; baseline 0.002 -23"><span class='ocrx_word' id='word_1_13' title='bbox 279 783 448 861; x_wconf 74' lang='lat' dir='ltr'><strong>dicat</strong></span> <span class='ocrx_word' id='word_1_14' title='bbox 488 800 747 859; x_wconf 79' lang='lat' dir='ltr'><strong>certum</strong></span> <span class='ocrx_word' id='word_1_15' title='bbox 789 811 1004 882; x_wconf 86' lang='lat' dir='ltr'><strong>genus</strong></span> <span class='ocrx_word' id='word_1_16' title='bbox 1045 789 1395 872; x_wconf 80' lang='lat' dir='ltr'><strong>vitiorum,</strong></span> <span class='ocrx_word' id='word_1_17' title='bbox 1466 812 1604 880; x_wconf 90' lang='lat' dir='ltr'><strong>quo</strong></span> <span class='ocrx_word' id='word_1_18' title='bbox 1653 790 1801 860; x_wconf 84' lang='lat' dir='ltr'><strong>talis</strong></span> <span class='ocrx_word' id='word_1_19' title='bbox 1853 792 2142 884; x_wconf 78' lang='lat' dir='ltr'><strong>scriptor</strong></span> <span class='ocrx_word' id='word_1_20' title='bbox 2190 792 2474 865; x_wconf 84' lang='lat' dir='ltr'><strong>affectus</strong></span> 
     </span>
     <span class='ocr_line' id='line_1_4' title="bbox 277 890 2474 987; baseline 0.001 -22"><span class='ocrx_word' id='word_1_21' title='bbox 277 897 368 965; x_wconf 86' lang='lat' dir='ltr'><strong>sit.</strong></span> <span class='ocrx_word' id='word_1_22' title='bbox 468 895 696 986; x_wconf 87' lang='lat' dir='ltr'><strong>Atque</strong></span> <span class='ocrx_word' id='word_1_23' title='bbox 724 894 793 970; x_wconf 84' lang='lat' dir='ltr'><strong>in</strong></span> <span class='ocrx_word' id='word_1_24' title='bbox 832 890 1128 962; x_wconf 90' lang='lat' dir='ltr'><strong>Colutho</strong></span> <span class='ocrx_word' id='word_1_25' title='bbox 1170 901 1444 985; x_wconf 89' lang='lat' dir='ltr'><strong>praeter</strong></span> <span class='ocrx_word' id='word_1_26' title='bbox 1472 893 1722 961; x_wconf 89' lang='lat' dir='ltr'><strong>menda</strong></span> <span class='ocrx_word' id='word_1_27' title='bbox 1747 895 2041 963; x_wconf 89' lang='lat' dir='ltr'><strong>omnium</strong></span> <span class='ocrx_word' id='word_1_28' title='bbox 2068 896 2474 987; x_wconf 87' lang='lat' dir='ltr'><strong>scriptorum</strong></span> 
     </span>
     <span class='ocr_line' id='line_1_5' title="bbox 274 995 2473 1091; baseline 0.001 -24"><span class='ocrx_word' id='word_1_29' title='bbox 274 998 644 1067; x_wconf 90' lang='lat' dir='ltr'><strong>communia</strong></span> <span class='ocrx_word' id='word_1_30' title='bbox 702 1006 836 1065; x_wconf 89' lang='lat' dir='ltr'><strong>tres</strong></span> <span class='ocrx_word' id='word_1_31' title='bbox 887 996 1172 1064; x_wconf 78' lang='lat' dir='ltr'><strong>maxime</strong></span> <span class='ocrx_word' id='word_1_32' title='bbox 1215 995 1737 1089; x_wconf 79' lang='lat' dir='ltr'><strong>perturbationis</strong></span> <span class='ocrx_word' id='word_1_33' title='bbox 1789 997 1974 1066; x_wconf 90' lang='lat' dir='ltr'><strong>modi</strong></span> <span class='ocrx_word' id='word_1_34' title='bbox 2028 1000 2473 1091; x_wconf 85' lang='lat' dir='ltr'><strong>reperiuntur,</strong></span> 
     </span>
     <span class='ocr_line' id='line_1_6' title="bbox 272 1099 2473 1193; baseline 0.001 -23"><span class='ocrx_word' id='word_1_35' title='bbox 272 1102 353 1170; x_wconf 85' lang='lat' dir='ltr'><strong>ab</strong></span> <span class='ocrx_word' id='word_1_36' title='bbox 371 1101 529 1193; x_wconf 87' lang='lat' dir='ltr'><strong>ipsis</strong></span> <span class='ocrx_word' id='word_1_37' title='bbox 565 1100 910 1169; x_wconf 85' lang='lat' dir='ltr'><strong>monstrati</strong></span> <span class='ocrx_word' id='word_1_38' title='bbox 938 1099 1319 1186; x_wconf 82' lang='lat' dir='ltr'><strong>codicibus,</strong></span> <span class='ocrx_word' id='word_1_39' title='bbox 1370 1100 1687 1187; x_wconf 89' lang='lat' dir='ltr'><strong>lacunae,</strong></span> <span class='ocrx_word' id='word_1_40' title='bbox 1738 1102 2284 1193; x_wconf 78' lang='lat' dir='ltr'><strong>transpositiones</strong></span> <span class='ocrx_word' id='word_1_41' title='bbox 2312 1126 2473 1172; x_wconf 82' lang='lat' dir='ltr'><strong>ver-</strong></span> 
     </span>
     <span class='ocr_line' id='line_1_7' title="bbox 268 1203 2473 1286; baseline 0.001 -13"><span class='ocrx_word' id='word_1_42' title='bbox 268 1228 485 1286; x_wconf 85' lang='lat' dir='ltr'><strong>suum,</strong></span> <span class='ocrx_word' id='word_1_43' title='bbox 550 1215 621 1273; x_wconf 90' lang='lat' dir='ltr'><strong>et</strong></span> <span class='ocrx_word' id='word_1_44' title='bbox 663 1226 898 1272; x_wconf 89' lang='lat' dir='ltr'><strong>manus</strong></span> <span class='ocrx_word' id='word_1_45' title='bbox 942 1203 1356 1271; x_wconf 84' lang='lat' dir='ltr'><strong>correctoris.</strong></span> <span class='ocrx_word' id='word_1_46' title='bbox 1460 1204 1570 1272; x_wconf 87' lang='lat' dir='ltr'><strong>De</strong></span> <span class='ocrx_word' id='word_1_47' title='bbox 1610 1203 1863 1273; x_wconf 78' lang='lat' dir='ltr'><strong>lacunis</strong></span> <span class='ocrx_word' id='word_1_48' title='bbox 1906 1204 2002 1273; x_wconf 85' lang='lat' dir='ltr'><strong>sic</strong></span> <span class='ocrx_word' id='word_1_49' title='bbox 2050 1206 2473 1276; x_wconf 87' lang='lat' dir='ltr'><strong>statuendum</strong></span> 
     </span>
     <span class='ocr_line' id='line_1_8' title="bbox 264 1306 2473 1403; baseline 0.001 -26"><span class='ocrx_word' id='word_1_50' title='bbox 264 1307 536 1377; x_wconf 83' lang='lat' dir='ltr'><strong>videtur.</strong></span> <span class='ocrx_word' id='word_1_51' title='bbox 589 1308 822 1394; x_wconf 80' lang='lat' dir='ltr'><strong>Quum</strong></span> <span class='ocrx_word' id='word_1_52' title='bbox 858 1306 1190 1397; x_wconf 83' lang='lat' dir='ltr'><strong>antiquior</strong></span> <span class='ocrx_word' id='word_1_53' title='bbox 1220 1306 1498 1376; x_wconf 90' lang='lat' dir='ltr'><strong>caeteris</strong></span> <span class='ocrx_word' id='word_1_54' title='bbox 1530 1306 1751 1376; x_wconf 82' lang='lat' dir='ltr'><strong>codex</strong></span> <span class='ocrx_word' id='word_1_55' title='bbox 1782 1306 2179 1379; x_wconf 87' lang='lat' dir='ltr'><strong>Mutinensis</strong></span> <span class='ocrx_word' id='word_1_56' title='bbox 2209 1320 2473 1403; x_wconf 86' lang='lat' dir='ltr'><strong>septem</strong></span> 
     </span>
     <span class='ocr_line' id='line_1_9' title="bbox 264 1409 2470 1504; baseline 0.001 -24"><span class='ocrx_word' id='word_1_57' title='bbox 264 1434 481 1481; x_wconf 84' lang='lat' dir='ltr'><strong>versus</strong></span> <span class='ocrx_word' id='word_1_58' title='bbox 494 1410 931 1504; x_wconf 69' lang='lat' dir='ltr'><strong>praebuerit,</strong></span> <span class='ocrx_word' id='word_1_59' title='bbox 981 1409 1099 1499; x_wconf 89' lang='lat' dir='ltr'><strong>qui</strong></span> <span class='ocrx_word' id='word_1_60' title='bbox 1137 1432 1278 1478; x_wconf 92' lang='lat' dir='ltr'><strong>non</strong></span> <span class='ocrx_word' id='word_1_61' title='bbox 1318 1418 1473 1480; x_wconf 87' lang='lat' dir='ltr'><strong>sunt</strong></span> <span class='ocrx_word' id='word_1_62' title='bbox 1509 1410 1580 1479; x_wconf 90' lang='lat' dir='ltr'><strong>in</strong></span> <span class='ocrx_word' id='word_1_63' title='bbox 1618 1410 1892 1500; x_wconf 83' lang='lat' dir='ltr'><strong>reliquis</strong></span> <span class='ocrx_word' id='word_1_64' title='bbox 1933 1410 2119 1481; x_wconf 87' lang='lat' dir='ltr'><strong>libris</strong></span> <span class='ocrx_word' id='word_1_65' title='bbox 2135 1459 2156 1497; x_wconf 87' lang='lat'>‚</span> <span class='ocrx_word' id='word_1_66' title='bbox 2208 1415 2470 1484; x_wconf 81' lang='lat' dir='ltr'><strong>omittat</strong></span> 
     </span>
     <span class='ocr_line' id='line_1_10' title="bbox 264 1513 2466 1605; baseline 0 -22"><span class='ocrx_word' id='word_1_67' title='bbox 264 1524 477 1584; x_wconf 78' lang='lat' dir='ltr'><strong>autem</strong></span> <span class='ocrx_word' id='word_1_68' title='bbox 522 1515 782 1605; x_wconf 86' lang='lat' dir='ltr'><strong>aliquot</strong></span> <span class='ocrx_word' id='word_1_69' title='bbox 818 1536 1084 1594; x_wconf 82' lang='lat' dir='ltr'><strong>versus,</strong></span> <span class='ocrx_word' id='word_1_70' title='bbox 1151 1514 1268 1602; x_wconf 90' lang='lat' dir='ltr'><strong>qui</strong></span> <span class='ocrx_word' id='word_1_71' title='bbox 1315 1521 1575 1584; x_wconf 83' lang='lat' dir='ltr'><strong>exstant</strong></span> <span class='ocrx_word' id='word_1_72' title='bbox 1620 1514 1691 1582; x_wconf 94' lang='lat' dir='ltr'><strong>in</strong></span> <span class='ocrx_word' id='word_1_73' title='bbox 1738 1513 1897 1596; x_wconf 87' lang='lat' dir='ltr'><strong>illis,</strong></span> <span class='ocrx_word' id='word_1_74' title='bbox 1965 1513 2466 1590; x_wconf 78' lang='lat' dir='ltr'><strong>v.129.135.</strong></span> 
     </span>
     <span class='ocr_line' id='line_1_11' title="bbox 268 1614 2469 1712; baseline 0.001 -27"><span class='ocrx_word' id='word_1_75' title='bbox 268 1616 709 1687; x_wconf 80' lang='lat'>139—142.</span> <span class='ocrx_word' id='word_1_76' title='bbox 750 1614 924 1690; x_wconf 76' lang='lat'>284.</span> <span class='ocrx_word' id='word_1_77' title='bbox 953 1615 1124 1685; x_wconf 78' lang='lat'>301.</span> <span class='ocrx_word' id='word_1_78' title='bbox 1169 1614 1340 1685; x_wconf 77' lang='lat'><strong>349.</strong></span> <span class='ocrx_word' id='word_1_79' title='bbox 1394 1640 1679 1707; x_wconf 90' lang='lat' dir='ltr'><strong>quarum</strong></span> <span class='ocrx_word' id='word_1_80' title='bbox 1728 1619 2158 1687; x_wconf 91' lang='lat' dir='ltr'><strong>omissionum</strong></span> <span class='ocrx_word' id='word_1_81' title='bbox 2200 1619 2469 1712; x_wconf 87' lang='lat' dir='ltr'><strong>pleras-</strong></span> 
     </span>
     <span class='ocr_line' id='line_1_12' title="bbox 264 1719 2474 1814; baseline 0.001 -24"><span class='ocrx_word' id='word_1_82' title='bbox 264 1744 387 1812; x_wconf 87' lang='lat' dir='ltr'><strong>que</strong></span> <span class='ocrx_word' id='word_1_83' title='bbox 416 1730 611 1814; x_wconf 84' lang='lat' dir='ltr'><strong>patet</strong></span> <span class='ocrx_word' id='word_1_84' title='bbox 635 1721 725 1790; x_wconf 90' lang='lat' dir='ltr'><strong>ab</strong></span> <span class='ocrx_word' id='word_1_85' title='bbox 750 1719 1162 1813; x_wconf 83' lang='lat' dir='ltr'><strong>negligentia</strong></span> <span class='ocrx_word' id='word_1_86' title='bbox 1196 1719 1444 1788; x_wconf 87' lang='lat' dir='ltr'><strong>librarii</strong></span> <span class='ocrx_word' id='word_1_87' title='bbox 1471 1720 1876 1813; x_wconf 73' lang='lat' dir='ltr'><strong>repetendas</strong></span> <span class='ocrx_word' id='word_1_88' title='bbox 1916 1744 2100 1806; x_wconf 87' lang='lat' dir='ltr'><strong>esse,</strong></span> <span class='ocrx_word' id='word_1_89' title='bbox 2144 1723 2355 1792; x_wconf 89' lang='lat' dir='ltr'><strong>oculis</strong></span> <span class='ocrx_word' id='word_1_90' title='bbox 2375 1723 2474 1792; x_wconf 82' lang='lat' dir='ltr'><strong>ad</strong></span> 
     </span>
     <span class='ocr_line' id='line_1_13' title="bbox 264 1823 2466 1918; baseline 0.001 -24"><span class='ocrx_word' id='word_1_91' title='bbox 264 1826 442 1918; x_wconf 80' lang='lat' dir='ltr'><strong>paria</strong></span> <span class='ocrx_word' id='word_1_92' title='bbox 481 1846 802 1893; x_wconf 82' lang='lat' dir='ltr'><strong>versuum</strong></span> <span class='ocrx_word' id='word_1_93' title='bbox 844 1824 1027 1892; x_wconf 86' lang='lat' dir='ltr'><strong>initia</strong></span> <span class='ocrx_word' id='word_1_94' title='bbox 1064 1823 1464 1911; x_wconf 87' lang='lat' dir='ltr'><strong>aberrantis,</strong></span> <span class='ocrx_word' id='word_1_95' title='bbox 1526 1834 1717 1893; x_wconf 88' lang='lat' dir='ltr'><strong>recte</strong></span> <span class='ocrx_word' id='word_1_96' title='bbox 1760 1825 2012 1917; x_wconf 86' lang='lat' dir='ltr'><strong>poterit</strong></span> <span class='ocrx_word' id='word_1_97' title='bbox 2054 1825 2314 1918; x_wconf 80' lang='lat' dir='ltr'><strong>colligi,</strong></span> <span class='ocrx_word' id='word_1_98' title='bbox 2382 1849 2466 1896; x_wconf 81' lang='lat' dir='ltr'><strong>ex</strong></span> 
     </span>
     <span class='ocr_line' id='line_1_14' title="bbox 260 1875 2466 2023; baseline 0 -25"><span class='ocrx_word' id='word_1_99' title='bbox 260 1951 384 1998; x_wconf 83' lang='lat' dir='ltr'><strong>uno</strong></span> <span class='ocrx_word' id='word_1_100' title='bbox 410 1936 807 2023; x_wconf 75' lang='lat' dir='ltr'><strong>pervetusto</strong></span> <span class='ocrx_word' id='word_1_101' title='bbox 834 1926 1073 1995; x_wconf 89' lang='lat' dir='ltr'><strong>codice</strong></span> <span class='ocrx_word' id='word_1_102' title='bbox 1091 1975 1113 2013; x_wconf 93' lang='lat'><strong>,</strong></span> <span class='ocrx_word' id='word_1_103' title='bbox 1164 1948 1367 2016; x_wconf 87' lang='lat' dir='ltr'><strong>quem</strong></span> <span class='ocrx_word' id='word_1_104' title='bbox 1397 1875 1555 1996; x_wconf 60' lang='lat' dir='ltr'><strong>si’tus</strong></span> <span class='ocrx_word' id='word_1_105' title='bbox 1578 1928 1957 2015; x_wconf 84' lang='lat' dir='ltr'><strong>vitiaverat,</strong></span> <span class='ocrx_word' id='word_1_106' title='bbox 2009 1937 2080 1996; x_wconf 87' lang='lat' dir='ltr'><strong>ct</strong></span> <span class='ocrx_word' id='word_1_107' title='bbox 2116 1926 2466 1998; x_wconf 87' lang='lat' dir='ltr'><strong>Mutinen-</strong></span> 
     </span>
     <span class='ocr_line' id='line_1_15' title="bbox 257 2029 2464 2123; baseline 0 -22"><span class='ocrx_word' id='word_1_108' title='bbox 257 2054 423 2116; x_wconf 76' lang='lat' dir='ltr'><strong>sem,</strong></span> <span class='ocrx_word' id='word_1_109' title='bbox 480 2039 560 2101; x_wconf 85' lang='lat' dir='ltr'><strong>et</strong></span> <span class='ocrx_word' id='word_1_110' title='bbox 594 2031 933 2120; x_wconf 83' lang='lat' dir='ltr'><strong>aliquanto</strong></span> <span class='ocrx_word' id='word_1_111' title='bbox 963 2036 1150 2123; x_wconf 83' lang='lat' dir='ltr'><strong>post,</strong></span> <span class='ocrx_word' id='word_1_112' title='bbox 1201 2029 1419 2123; x_wconf 83' lang='lat' dir='ltr'><strong>magis</strong></span> <span class='ocrx_word' id='word_1_113' title='bbox 1462 2031 1665 2099; x_wconf 84' lang='lat' dir='ltr'><strong>etiam</strong></span> <span class='ocrx_word' id='word_1_114' title='bbox 1706 2030 1999 2100; x_wconf 88' lang='lat' dir='ltr'><strong>lacerato</strong></span> <span class='ocrx_word' id='word_1_115' title='bbox 2044 2029 2283 2100; x_wconf 86' lang='lat' dir='ltr'><strong>codice</strong></span> <span class='ocrx_word' id='word_1_116' title='bbox 2326 2033 2464 2120; x_wconf 88' lang='lat' dir='ltr'><strong>illo,</strong></span> 
     </span>
     <span class='ocr_line' id='line_1_16' title="bbox 262 2132 2516 2227; baseline -0.001 -22"><span class='ocrx_word' id='word_1_117' title='bbox 262 2158 421 2224; x_wconf 83' lang='lat' dir='ltr'><strong>eum,</strong></span> <span class='ocrx_word' id='word_1_118' title='bbox 457 2156 605 2225; x_wconf 91' lang='lat' dir='ltr'><strong>quo</strong></span> <span class='ocrx_word' id='word_1_119' title='bbox 618 2132 932 2203; x_wconf 87' lang='lat' dir='ltr'><strong>Bessario</strong></span> <span class='ocrx_word' id='word_1_120' title='bbox 963 2143 1067 2212; x_wconf 85' lang='lat' dir='ltr'><strong>est</strong></span> <span class='ocrx_word' id='word_1_121' title='bbox 1092 2155 1271 2219; x_wconf 88' lang='lat' dir='ltr'><strong>usus,</strong></span> <span class='ocrx_word' id='word_1_122' title='bbox 1305 2133 1606 2223; x_wconf 85' lang='lat' dir='ltr'><strong>aliosque</strong></span> <span class='ocrx_word' id='word_1_123' title='bbox 1634 2133 2006 2227; x_wconf 85' lang='lat' dir='ltr'><strong>descriptos</strong></span> <span class='ocrx_word' id='word_1_124' title='bbox 2025 2157 2195 2207; x_wconf 88' lang='lat' dir='ltr'><strong>esse.</strong></span> <span class='ocrx_word' id='word_1_125' title='bbox 2252 2132 2448 2203; x_wconf 89' lang='lat' dir='ltr'><strong>Ordo</strong></span> <span class='ocrx_word' id='word_1_126' title='bbox 2468 2140 2516 2210; x_wconf 71' lang='grc' dir='ltr'>ἴ</span> 
     </span>
     <span class='ocr_line' id='line_1_17' title="bbox 263 2233 2462 2323; baseline -0.001 -15"><span class='ocrx_word' id='word_1_127' title='bbox 263 2262 560 2308; x_wconf 76' lang='lat' dir='ltr'><strong>versuum</strong></span> <span class='ocrx_word' id='word_1_128' title='bbox 621 2259 778 2306; x_wconf 88' lang='lat' dir='ltr'><strong>raro</strong></span> <span class='ocrx_word' id='word_1_129' title='bbox 825 2237 1042 2304; x_wconf 82' lang='lat' dir='ltr'><strong>variat</strong></span> <span class='ocrx_word' id='word_1_130' title='bbox 1082 2236 1149 2303; x_wconf 91' lang='lat' dir='ltr'><strong>in</strong></span> <span class='ocrx_word' id='word_1_131' title='bbox 1196 2235 1574 2323; x_wconf 87' lang='lat' dir='ltr'><strong>codicibus,</strong></span> <span class='ocrx_word' id='word_1_132' title='bbox 1645 2259 1710 2304; x_wconf 84' lang='lat' dir='ltr'><strong>v.</strong></span> <span class='ocrx_word' id='word_1_133' title='bbox 1750 2233 1872 2308; x_wconf 80' lang='lat'><strong>49.</strong></span> <span class='ocrx_word' id='word_1_134' title='bbox 1919 2234 2094 2310; x_wconf 77' lang='lat'><strong>349.</strong></span> <span class='ocrx_word' id='word_1_135' title='bbox 2150 2235 2270 2306; x_wconf 90' lang='lat' dir='ltr'><strong>sed</strong></span> <span class='ocrx_word' id='word_1_136' title='bbox 2316 2261 2462 2306; x_wconf 88' lang='lat' dir='ltr'><strong>esse</strong></span> 
     </span>
     <span class='ocr_line' id='line_1_18' title="bbox 263 2339 2460 2433; baseline -0.001 -22"><span class='ocrx_word' id='word_1_137' title='bbox 263 2343 567 2411; x_wconf 87' lang='lat' dir='ltr'><strong>nonnulla</strong></span> <span class='ocrx_word' id='word_1_138' title='bbox 584 2392 605 2427; x_wconf 93' lang='lat'>‚</span> <span class='ocrx_word' id='word_1_139' title='bbox 660 2362 837 2430; x_wconf 91' lang='lat' dir='ltr'><strong>quae</strong></span> <span class='ocrx_word' id='word_1_140' title='bbox 873 2340 940 2409; x_wconf 91' lang='lat' dir='ltr'><strong>in</strong></span> <span class='ocrx_word' id='word_1_141' title='bbox 983 2339 1289 2408; x_wconf 88' lang='lat' dir='ltr'><strong>omnibus</strong></span> <span class='ocrx_word' id='word_1_142' title='bbox 1323 2339 1667 2408; x_wconf 85' lang='lat' dir='ltr'><strong>codicibus</strong></span> <span class='ocrx_word' id='word_1_143' title='bbox 1697 2363 1832 2408; x_wconf 90' lang='lat' dir='ltr'><strong>non</strong></span> <span class='ocrx_word' id='word_1_144' title='bbox 1872 2362 1993 2409; x_wconf 87' lang='lat' dir='ltr'><strong>suo</strong></span> <span class='ocrx_word' id='word_1_145' title='bbox 2038 2340 2193 2409; x_wconf 90' lang='lat' dir='ltr'><strong>loco</strong></span> <span class='ocrx_word' id='word_1_146' title='bbox 2218 2340 2460 2433; x_wconf 88' lang='lat' dir='ltr'><strong>legan-</strong></span> 
     </span>
     <span class='ocr_line' id='line_1_19' title="bbox 215 2439 2462 2538; baseline -0 -25"><span class='ocrx_word' id='word_1_147' title='bbox 215 2439 389 2538; x_wconf 53' lang='lat' dir='ltr'><strong>stur,</strong></span> <span class='ocrx_word' id='word_1_148' title='bbox 452 2444 651 2515; x_wconf 88' lang='lat' dir='ltr'><strong>nimis</strong></span> <span class='ocrx_word' id='word_1_149' title='bbox 698 2444 1120 2512; x_wconf 86' lang='lat' dir='ltr'><strong>manifestum</strong></span> <span class='ocrx_word' id='word_1_150' title='bbox 1163 2450 1283 2511; x_wconf 87' lang='lat' dir='ltr'><strong>est.</strong></span> <span class='ocrx_word' id='word_1_151' title='bbox 1388 2442 1470 2510; x_wconf 87' lang='lat' dir='ltr'><strong>ld</strong></span> <span class='ocrx_word' id='word_1_152' title='bbox 1524 2442 1745 2511; x_wconf 84' lang='lat' dir='ltr'><strong>eidem</strong></span> <span class='ocrx_word' id='word_1_153' title='bbox 1786 2443 1879 2511; x_wconf 91' lang='lat' dir='ltr'><strong>illi</strong></span> <span class='ocrx_word' id='word_1_154' title='bbox 1922 2441 2156 2512; x_wconf 88' lang='lat' dir='ltr'><strong>deberi</strong></span> <span class='ocrx_word' id='word_1_155' title='bbox 2197 2444 2462 2512; x_wconf 86' lang='lat' dir='ltr'><strong>videtur</strong></span> 
     </span>
     <span class='ocr_line' id='line_1_20' title="bbox 260 2546 2462 2640; baseline 0 -24"><span class='ocrx_word' id='word_1_156' title='bbox 260 2558 506 2637; x_wconf 76' lang='lat' dir='ltr'><strong>vetusto</strong></span> <span class='ocrx_word' id='word_1_157' title='bbox 550 2546 773 2617; x_wconf 87' lang='lat' dir='ltr'><strong>codici</strong></span> <span class='ocrx_word' id='word_1_158' title='bbox 794 2597 815 2635; x_wconf 98' lang='lat'><strong>,</strong></span> <span class='ocrx_word' id='word_1_159' title='bbox 865 2547 932 2616; x_wconf 91' lang='lat' dir='ltr'><strong>in</strong></span> <span class='ocrx_word' id='word_1_160' title='bbox 964 2569 1101 2638; x_wconf 89' lang='lat' dir='ltr'><strong>quo</strong></span> <span class='ocrx_word' id='word_1_161' title='bbox 1151 2569 1326 2638; x_wconf 91' lang='lat' dir='ltr'><strong>quae</strong></span> <span class='ocrx_word' id='word_1_162' title='bbox 1358 2546 1654 2614; x_wconf 84' lang='lat' dir='ltr'><strong>lacerata</strong></span> <span class='ocrx_word' id='word_1_163' title='bbox 1681 2546 1794 2614; x_wconf 83' lang='lat' dir='ltr'><strong>vel</strong></span> <span class='ocrx_word' id='word_1_164' title='bbox 1825 2547 2107 2615; x_wconf 84' lang='lat' dir='ltr'><strong>evanida</strong></span> <span class='ocrx_word' id='word_1_165' title='bbox 2138 2547 2277 2640; x_wconf 88' lang='lat' dir='ltr'><strong>legi</strong></span> <span class='ocrx_word' id='word_1_166' title='bbox 2322 2569 2462 2616; x_wconf 92' lang='lat' dir='ltr'><strong>non</strong></span> 
     </span>
     <span class='ocr_line' id='line_1_21' title="bbox 256 2650 2460 2747; baseline -0.002 -25"><span class='ocrx_word' id='word_1_167' title='bbox 256 2675 445 2747; x_wconf 87' lang='lat' dir='ltr'><strong>posse</strong></span> <span class='ocrx_word' id='word_1_168' title='bbox 472 2652 897 2739; x_wconf 83' lang='lat' dir='ltr'><strong>viderentur,</strong></span> <span class='ocrx_word' id='word_1_169' title='bbox 948 2651 1037 2719; x_wconf 86' lang='lat' dir='ltr'><strong>ab</strong></span> <span class='ocrx_word' id='word_1_170' title='bbox 1066 2650 1198 2717; x_wconf 89' lang='lat' dir='ltr'><strong>alia</strong></span> <span class='ocrx_word' id='word_1_171' title='bbox 1238 2673 1439 2718; x_wconf 87' lang='lat' dir='ltr'><strong>mann</strong></span> <span class='ocrx_word' id='word_1_172' title='bbox 1479 2651 1549 2719; x_wconf 91' lang='lat' dir='ltr'><strong>in</strong></span> <span class='ocrx_word' id='word_1_173' title='bbox 1590 2652 1865 2721; x_wconf 86' lang='lat' dir='ltr'><strong>summis</strong></span> <span class='ocrx_word' id='word_1_174' title='bbox 1891 2652 2003 2720; x_wconf 83' lang='lat' dir='ltr'><strong>vel</strong></span> <span class='ocrx_word' id='word_1_175' title='bbox 2029 2651 2174 2720; x_wconf 90' lang='lat' dir='ltr'><strong>imis</strong></span> <span class='ocrx_word' id='word_1_176' title='bbox 2204 2652 2460 2744; x_wconf 85' lang='lat' dir='ltr'><strong>margi-</strong></span> 
     </span>
     <span class='ocr_line' id='line_1_22' title="bbox 258 2753 2459 2848; baseline -0 -23"><span class='ocrx_word' id='word_1_177' title='bbox 258 2756 437 2827; x_wconf 88' lang='lat' dir='ltr'><strong>nibus</strong></span> <span class='ocrx_word' id='word_1_178' title='bbox 465 2755 809 2848; x_wconf 85' lang='lat' dir='ltr'><strong>adscripta</strong></span> <span class='ocrx_word' id='word_1_179' title='bbox 838 2754 1102 2823; x_wconf 84' lang='lat' dir='ltr'><strong>fuerint.</strong></span> <span class='ocrx_word' id='word_1_180' title='bbox 1206 2753 1350 2822; x_wconf 86' lang='lat' dir='ltr'><strong>Nisi</strong></span> <span class='ocrx_word' id='word_1_181' title='bbox 1374 2754 1521 2843; x_wconf 90' lang='lat' dir='ltr'><strong>quis</strong></span> <span class='ocrx_word' id='word_1_182' title='bbox 1558 2755 1738 2823; x_wconf 84' lang='lat' dir='ltr'><strong>forte</strong></span> <span class='ocrx_word' id='word_1_183' title='bbox 1780 2754 1987 2824; x_wconf 88' lang='lat' dir='ltr'><strong>libros</strong></span> <span class='ocrx_word' id='word_1_184' title='bbox 2033 2777 2267 2824; x_wconf 85' lang='lat' dir='ltr'><strong>omnes</strong></span> <span class='ocrx_word' id='word_1_185' title='bbox 2309 2770 2459 2824; x_wconf 82' lang='lat' dir='ltr'><strong>ma-</strong></span> 
     </span>
     <span class='ocr_line' id='line_1_23' title="bbox 260 2856 2458 2952; baseline -0.001 -23"><span class='ocrx_word' id='word_1_186' title='bbox 260 2881 434 2929; x_wconf 74' lang='lat' dir='ltr'><strong>nasse</strong></span> <span class='ocrx_word' id='word_1_187' title='bbox 461 2858 911 2952; x_wconf 81' lang='lat' dir='ltr'><strong>suspicabitur</strong></span> <span class='ocrx_word' id='word_1_188' title='bbox 940 2880 1023 2927; x_wconf 85' lang='lat' dir='ltr'><strong>ex</strong></span> <span class='ocrx_word' id='word_1_189' title='bbox 1048 2858 1334 2947; x_wconf 85' lang='lat' dir='ltr'><strong>repertis</strong></span> <span class='ocrx_word' id='word_1_190' title='bbox 1362 2857 1570 2950; x_wconf 89' lang='lat' dir='ltr'><strong>ipsius</strong></span> <span class='ocrx_word' id='word_1_191' title='bbox 1604 2856 1882 2927; x_wconf 86' lang='lat' dir='ltr'><strong>Coluthi</strong></span> <span class='ocrx_word' id='word_1_192' title='bbox 1901 2856 2167 2946; x_wconf 86' lang='lat' dir='ltr'><strong>chartis,</strong></span> <span class='ocrx_word' id='word_1_193' title='bbox 2206 2860 2274 2926; x_wconf 91' lang='lat' dir='ltr'><strong>in</strong></span> <span class='ocrx_word' id='word_1_194' title='bbox 2305 2859 2458 2949; x_wconf 89' lang='lat' dir='ltr'><strong>qui-</strong></span> 
     </span>
     <span class='ocr_line' id='line_1_24' title="bbox 255 2959 2456 3054; baseline -0.001 -23"><span class='ocrx_word' id='word_1_195' title='bbox 255 2961 369 3031; x_wconf 89' lang='lat' dir='ltr'><strong>bus</strong></span> <span class='ocrx_word' id='word_1_196' title='bbox 396 2964 506 3032; x_wconf 90' lang='lat' dir='ltr'><strong>ille</strong></span> <span class='ocrx_word' id='word_1_197' title='bbox 542 2985 721 3054; x_wconf 88' lang='lat' dir='ltr'><strong>quac</strong></span> <span class='ocrx_word' id='word_1_198' title='bbox 750 2969 1235 3030; x_wconf 85' lang='lat' dir='ltr'><strong>commentatus</strong></span> <span class='ocrx_word' id='word_1_199' title='bbox 1273 2970 1417 3028; x_wconf 87' lang='lat' dir='ltr'><strong>erat</strong></span> <span class='ocrx_word' id='word_1_200' title='bbox 1446 2961 1747 3053; x_wconf 82' lang='lat' dir='ltr'><strong>expolire</strong></span> <span class='ocrx_word' id='word_1_201' title='bbox 1778 2961 2114 3052; x_wconf 87' lang='lat' dir='ltr'><strong>coeperit,</strong></span> <span class='ocrx_word' id='word_1_202' title='bbox 2165 2959 2456 3030; x_wconf 88' lang='lat' dir='ltr'><strong>necdum</strong></span> 
     </span>
     <span class='ocr_line' id='line_1_25' title="bbox 258 3062 2458 3157; baseline -0 -24"><span class='ocrx_word' id='word_1_203' title='bbox 258 3064 336 3133; x_wconf 83' lang='lat' dir='ltr'><strong>ad</strong></span> <span class='ocrx_word' id='word_1_204' title='bbox 358 3067 562 3135; x_wconf 87' lang='lat' dir='ltr'><strong>finem</strong></span> <span class='ocrx_word' id='word_1_205' title='bbox 606 3064 1014 3157; x_wconf 84' lang='lat' dir='ltr'><strong>perduxerit.</strong></span> <span class='ocrx_word' id='word_1_206' title='bbox 1121 3062 1326 3132; x_wconf 88' lang='lat' dir='ltr'><strong>Certe</strong></span> <span class='ocrx_word' id='word_1_207' title='bbox 1354 3063 1444 3132; x_wconf 79' lang='lat' dir='ltr'><strong>de-</strong></span> <span class='ocrx_word' id='word_1_208' title='bbox 1479 3064 1738 3156; x_wconf 87' lang='lat' dir='ltr'><strong>duplici</strong></span> <span class='ocrx_word' id='word_1_209' title='bbox 1769 3065 2158 3133; x_wconf 87' lang='lat' dir='ltr'><strong>recensione</strong></span> <span class='ocrx_word' id='word_1_210' title='bbox 2196 3064 2458 3156; x_wconf 85' lang='lat' dir='ltr'><strong>cogita-</strong></span> 
     </span>
     <span class='ocr_line' id='line_1_26' title="bbox 257 3164 2455 3258; baseline -0 -21"><span class='ocrx_word' id='word_1_211' title='bbox 257 3169 344 3237; x_wconf 79' lang='lat' dir='ltr'><strong>vit</strong></span> <span class='ocrx_word' id='word_1_212' title='bbox 394 3169 733 3242; x_wconf 78' lang='lat' dir='ltr'><strong>Graefius.</strong></span> <span class='ocrx_word' id='word_1_213' title='bbox 837 3166 1015 3235; x_wconf 84' lang='lat' dir='ltr'><strong>Mihi</strong></span> <span class='ocrx_word' id='word_1_214' title='bbox 1056 3164 1364 3257; x_wconf 87' lang='lat' dir='ltr'><strong>quidem,</strong></span> <span class='ocrx_word' id='word_1_215' title='bbox 1432 3166 1623 3257; x_wconf 89' lang='lat' dir='ltr'><strong>quod</strong></span> <span class='ocrx_word' id='word_1_216' title='bbox 1672 3168 1941 3236; x_wconf 87' lang='lat' dir='ltr'><strong>tertium</strong></span> <span class='ocrx_word' id='word_1_217' title='bbox 1987 3189 2221 3236; x_wconf 88' lang='lat' dir='ltr'><strong>eorum</strong></span> <span class='ocrx_word' id='word_1_218' title='bbox 2278 3189 2455 3258; x_wconf 92' lang='lat' dir='ltr'><strong>quae</strong></span> 
     </span>
     <span class='ocr_line' id='line_1_27' title="bbox 256 3269 2455 3357; baseline -0.001 -17"><span class='ocrx_word' id='word_1_219' title='bbox 256 3271 319 3340; x_wconf 89' lang='lat' dir='ltr'><strong>in</strong></span> <span class='ocrx_word' id='word_1_220' title='bbox 338 3271 614 3342; x_wconf 86' lang='lat' dir='ltr'><strong>Coluthi</strong></span> <span class='ocrx_word' id='word_1_221' title='bbox 659 3270 950 3339; x_wconf 84' lang='lat' dir='ltr'><strong>carinine</strong></span> <span class='ocrx_word' id='word_1_222' title='bbox 984 3269 1302 3338; x_wconf 81' lang='lat' dir='ltr'><strong>notabilia</strong></span> <span class='ocrx_word' id='word_1_223' title='bbox 1344 3278 1565 3339; x_wconf 88' lang='lat' dir='ltr'><strong>essent</strong></span> <span class='ocrx_word' id='word_1_224' title='bbox 1600 3270 2245 3357; x_wconf 85' lang='lat' dir='ltr'><strong>commemorabam,</strong></span> <span class='ocrx_word' id='word_1_225' title='bbox 2298 3292 2455 3339; x_wconf 90' lang='lat' dir='ltr'><strong>cor-</strong></span> 
     </span>
     <span class='ocr_line' id='line_1_28' title="bbox 256 3360 2454 3467; baseline -0.002 -22"><span class='ocrx_word' id='word_1_226' title='bbox 256 3376 604 3462; x_wconf 84' lang='lat' dir='ltr'><strong>rectiones,</strong></span> <span class='ocrx_word' id='word_1_227' title='bbox 656 3374 904 3467; x_wconf 85' lang='lat' dir='ltr'><strong>partim</strong></span> <span class='ocrx_word' id='word_1_228' title='bbox 944 3382 1230 3464; x_wconf 86' lang='lat' dir='ltr'><strong>propter</strong></span> <span class='ocrx_word' id='word_1_229' title='bbox 1278 3382 1630 3463; x_wconf 85' lang='lat' dir='ltr'><strong>corrupta,</strong></span> <span class='ocrx_word' id='word_1_230' title='bbox 1680 3372 1824 3461; x_wconf 84' lang='lat' dir='ltr'><strong>vel,</strong></span> <span class='ocrx_word' id='word_1_231' title='bbox 1886 3382 1964 3441; x_wconf 89' lang='lat' dir='ltr'><strong>ut</strong></span> <span class='ocrx_word' id='word_1_232' title='bbox 1996 3396 2058 3441; x_wconf 84' lang='lat' dir='ltr'><strong>v.</strong></span> <span class='ocrx_word' id='word_1_233' title='bbox 2100 3360 2226 3445; x_wconf 58' lang='lat' dir='ltr'><strong>28ss</strong></span> <span class='ocrx_word' id='word_1_234' title='bbox 2276 3373 2454 3441; x_wconf 86' lang='lat' dir='ltr'><strong>male</strong></span> 
     </span>
     <span class='ocr_line' id='line_1_29' title="bbox 256 3476 2453 3568; baseline -0.001 -21"><span class='ocrx_word' id='word_1_235' title='bbox 256 3477 577 3548; x_wconf 89' lang='lat' dir='ltr'><strong>intellecta</strong></span> <span class='ocrx_word' id='word_1_236' title='bbox 611 3479 701 3546; x_wconf 90' lang='lat' dir='ltr'><strong>ab</strong></span> <span class='ocrx_word' id='word_1_237' title='bbox 740 3477 1022 3546; x_wconf 90' lang='lat' dir='ltr'><strong>librariis</strong></span> <span class='ocrx_word' id='word_1_238' title='bbox 1051 3476 1270 3544; x_wconf 81' lang='lat' dir='ltr'><strong>factae</strong></span> <span class='ocrx_word' id='word_1_239' title='bbox 1284 3527 1305 3563; x_wconf 98' lang='lat'><strong>,</strong></span> <span class='ocrx_word' id='word_1_240' title='bbox 1355 3478 1598 3568; x_wconf 87' lang='lat' dir='ltr'><strong>partim</strong></span> <span class='ocrx_word' id='word_1_241' title='bbox 1643 3499 1798 3559; x_wconf 44' lang='lat' dir='ltr'><strong>nou,</strong></span> <span class='ocrx_word' id='word_1_242' title='bbox 1821 3499 1967 3544; x_wconf 89' lang='lat' dir='ltr'><strong>esse</strong></span> <span class='ocrx_word' id='word_1_243' title='bbox 1997 3477 2266 3544; x_wconf 90' lang='lat' dir='ltr'><strong>omnino</strong></span> <span class='ocrx_word' id='word_1_244' title='bbox 2296 3499 2453 3546; x_wconf 90' lang='lat' dir='ltr'><strong>cor-</strong></span> 
     </span>
     <span class='ocr_line' id='line_1_30' title="bbox 255 3577 2251 3668; baseline -0.001 -18"><span class='ocrx_word' id='word_1_245' title='bbox 255 3583 572 3652; x_wconf 83' lang='lat' dir='ltr'><strong>rectiones</strong></span> <span class='ocrx_word' id='word_1_246' title='bbox 603 3580 946 3664; x_wconf 84' lang='lat' dir='ltr'><strong>videntur,</strong></span> <span class='ocrx_word' id='word_1_247' title='bbox 996 3588 1104 3666; x_wconf 90' lang='lat' dir='ltr'><strong>nt,</strong></span> <span class='ocrx_word' id='word_1_248' title='bbox 1157 3578 1246 3648; x_wconf 88' lang='lat' dir='ltr'><strong>de</strong></span> <span class='ocrx_word' id='word_1_249' title='bbox 1279 3600 1418 3668; x_wconf 90' lang='lat' dir='ltr'><strong>quo</strong></span> <span class='ocrx_word' id='word_1_250' title='bbox 1451 3579 1626 3648; x_wconf 87' lang='lat' dir='ltr'><strong>infra</strong></span> <span class='ocrx_word' id='word_1_251' title='bbox 1664 3578 1924 3665; x_wconf 82' lang='lat' dir='ltr'><strong>(licam,</strong></span> <span class='ocrx_word' id='word_1_252' title='bbox 1976 3602 2041 3652; x_wconf 84' lang='lat' dir='ltr'><strong>v.</strong></span> <span class='ocrx_word' id='word_1_253' title='bbox 2079 3577 2251 3650; x_wconf 80' lang='lat'><strong>288.</strong></span> 
     </span>
    </p>
   </div>
   <div class='ocr_carea' id='block_1_3' title="bbox 438 3715 1407 3812">
    <p class='ocr_par' dir='ltr' id='par_1_3' title="bbox 438 3715 1407 3812">
     <span class='ocr_line' id='line_1_31' title="bbox 438 3715 1407 3812; baseline -0.003 -24"><span class='ocrx_word' id='word_1_254' title='bbox 438 3718 687 3812; x_wconf 81' lang='lat' dir='ltr'><strong>Incipit</strong></span> <span class='ocrx_word' id='word_1_255' title='bbox 716 3740 988 3787; x_wconf 85' lang='lat' dir='ltr'><strong>carmen</strong></span> <span class='ocrx_word' id='word_1_256' title='bbox 1020 3715 1124 3785; x_wconf 86' lang='lat' dir='ltr'><strong>his</strong></span> <span class='ocrx_word' id='word_1_257' title='bbox 1151 3716 1407 3786; x_wconf 82' lang='lat' dir='ltr'><strong>verbis.</strong></span> 
     </span>
    </p>
   </div>
   <div class='ocr_carea' id='block_1_4' title="bbox 345 3881 2346 4600">
    <p class='ocr_par' dir='ltr' id='par_1_4' title="bbox 346 3881 2324 4190">
     <span class='ocr_line' id='line_1_32' title="bbox 347 3881 2306 4016; baseline -0.003 -53"><span class='ocrx_word' id='word_1_258' title='bbox 347 3884 663 3984; x_wconf 77' lang='grc' dir='ltr'><strong>Νύμφαι</strong></span> <span class='ocrx_word' id='word_1_259' title='bbox 724 3882 1125 4016; x_wconf 69' lang='grc' dir='ltr'><strong>Τρωιάδες,</strong></span> <span class='ocrx_word' id='word_1_260' title='bbox 1178 3889 1522 3982; x_wconf 78' lang='grc' dir='ltr'><strong><em>ποταμοῦ</em></strong></span> <span class='ocrx_word' id='word_1_261' title='bbox 1570 3881 1909 3964; x_wconf 78' lang='grc' dir='ltr'><strong>Ξάνθοιο</strong></span> <span class='ocrx_word' id='word_1_262' title='bbox 1962 3888 2306 4009; x_wconf 43' lang='lat' dir='ltr'><strong>ycvdfflqae,</strong></span> 
     </span>
     <span class='ocr_line' id='line_1_33' title="bbox 346 3985 2324 4116; baseline -0.001 -52"><span class='ocrx_word' id='word_1_263' title='bbox 346 4020 421 4064; x_wconf 90' lang='grc' dir='ltr'><strong>αι</strong></span> <span class='ocrx_word' id='word_1_264' title='bbox 471 3985 861 4085; x_wconf 72' lang='grc' dir='ltr'><strong>πλοκάμων</strong></span> <span class='ocrx_word' id='word_1_265' title='bbox 910 3986 1272 4116; x_wconf 72' lang='grc' dir='ltr'><strong>κρήδεμνα</strong></span> <span class='ocrx_word' id='word_1_266' title='bbox 1325 3991 1445 4065; x_wconf 73' lang='grc' dir='ltr'><strong>καὶ</strong></span> <span class='ocrx_word' id='word_1_267' title='bbox 1498 3985 1666 4085; x_wconf 72' lang='grc' dir='ltr'><strong>ἱερά</strong></span> <span class='ocrx_word' id='word_1_268' title='bbox 1711 3989 2012 4084; x_wconf 77' lang='grc' dir='ltr'><strong>παίγνια</strong></span> <span class='ocrx_word' id='word_1_269' title='bbox 2065 3991 2324 4087; x_wconf 72' lang='grc' dir='ltr'><strong>χειρῶν</strong></span> 
     </span>
     <span class='ocr_line' id='line_1_34' title="bbox 346 4086 2169 4191; baseline -0.001 -26"><span class='ocrx_word' id='word_1_270' title='bbox 346 4088 649 4169; x_wconf 73' lang='grc' dir='ltr'><strong>πολλάκι</strong></span> <span class='ocrx_word' id='word_1_271' title='bbox 700 4089 1118 4191; x_wconf 74' lang='grc' dir='ltr'><strong>πατρῴῃσιν</strong></span> <span class='ocrx_word' id='word_1_272' title='bbox 1171 4093 1287 4170; x_wconf 71' lang='grc' dir='ltr'><strong>ἐπὶ</strong></span> <span class='ocrx_word' id='word_1_273' title='bbox 1339 4086 1770 4189; x_wconf 74' lang='grc' dir='ltr'><strong>ψαμάθοισι</strong></span> <span class='ocrx_word' id='word_1_274' title='bbox 1822 4091 2169 4166; x_wconf 78' lang='grc' dir='ltr'><strong>λιποῦσαι</strong></span> 
     </span>
    </p>

    <p class='ocr_par' dir='ltr' id='par_1_5' title="bbox 348 4190 2012 4322">
     <span class='ocr_line' id='line_1_35' title="bbox 348 4190 2012 4322; baseline -0.001 -53"><span class='ocrx_word' id='word_1_275' title='bbox 348 4199 414 4276; x_wconf 76' lang='grc' dir='ltr'><strong>ἐς</strong></span> <span class='ocrx_word' id='word_1_276' title='bbox 464 4191 688 4293; x_wconf 82' lang='grc' dir='ltr'><strong>χόρον</strong></span> <span class='ocrx_word' id='word_1_277' title='bbox 726 4192 1076 4322; x_wconf 78' lang='grc' dir='ltr'><strong>Ιδαίῃσιν</strong></span> <span class='ocrx_word' id='word_1_278' title='bbox 1128 4190 1604 4273; x_wconf 61' lang='lat' dir='ltr'><strong>§amrinum</strong></span> <span class='ocrx_word' id='word_1_279' title='bbox 1656 4194 2012 4291; x_wconf 77' lang='grc' dir='ltr'><strong>χορείαις,</strong></span> 
     </span>
    </p>

    <p class='ocr_par' dir='ltr' id='par_1_6' title="bbox 345 4293 2346 4600">
     <span class='ocr_line' id='line_1_36' title="bbox 350 4293 2172 4423; baseline 0.004 -52"><span class='ocrx_word' id='word_1_280' title='bbox 350 4299 592 4381; x_wconf 75' lang='grc' dir='ltr'><strong>δεῦτε,</strong></span> <span class='ocrx_word' id='word_1_281' title='bbox 644 4294 1222 4392; x_wconf 73' lang='grc' dir='ltr'><strong>θεμιστοπόλοιο</strong></span> <span class='ocrx_word' id='word_1_282' title='bbox 1277 4293 1625 4423; x_wconf 79' lang='grc' dir='ltr'><strong>νοήματα</strong></span> <span class='ocrx_word' id='word_1_283' title='bbox 1666 4296 2172 4398; x_wconf 67' lang='grc' dir='ltr'><strong>μηλοβοτῆρος</strong></span> 
     </span>
     <span class='ocr_line' id='line_1_37' title="bbox 345 4394 2346 4527; baseline -0.001 -53"><span class='ocrx_word' id='word_1_284' title='bbox 345 4402 602 4476; x_wconf 75' lang='grc' dir='ltr'><strong>εἴπατέ</strong></span> <span class='ocrx_word' id='word_1_285' title='bbox 644 4429 817 4495; x_wconf 79' lang='grc' dir='ltr'><strong>μοι,</strong></span> <span class='ocrx_word' id='word_1_286' title='bbox 867 4397 1292 4485; x_wconf 63' lang='grc' dir='ltr'><strong>κελάδοντος</strong></span> <span class='ocrx_word' id='word_1_287' title='bbox 1341 4394 1842 4527; x_wconf 73' lang='grc' dir='ltr'><strong>άπορνύμιναι</strong></span> <span class='ocrx_word' id='word_1_288' title='bbox 1892 4405 2293 4491; x_wconf 78' lang='grc' dir='ltr'><strong>ποταμοῖο,</strong></span> <span class='ocrx_word' id='word_1_289' title='bbox 2341 4422 2346 4427; x_wconf 87' lang='grc'><strong><em>·</em></strong></span> 
     </span>
     <span class='ocr_line' id='line_1_38' title="bbox 348 4495 2274 4600; baseline -0.005 -15"><span class='ocrx_word' id='word_1_290' title='bbox 348 4507 416 4585; x_wconf 69' lang='grc' dir='ltr'><strong>ἕξ</strong></span> <span class='ocrx_word' id='word_1_291' title='bbox 466 4500 692 4600; x_wconf 73' lang='grc' dir='ltr'><strong>ορέων</strong></span> <span class='ocrx_word' id='word_1_292' title='bbox 742 4498 981 4580; x_wconf 73' lang='grc' dir='ltr'><strong>πόθεν</strong></span> <span class='ocrx_word' id='word_1_293' title='bbox 1033 4501 1256 4599; x_wconf 75' lang='grc' dir='ltr'><strong>ηλθεν</strong></span> <span class='ocrx_word' id='word_1_294' title='bbox 1309 4500 1549 4596; x_wconf 74' lang='grc' dir='ltr'><strong>ἀήθεα</strong></span> <span class='ocrx_word' id='word_1_295' title='bbox 1602 4498 1879 4579; x_wconf 83' lang='grc' dir='ltr'><strong>πόντον</strong></span> <span class='ocrx_word' id='word_1_296' title='bbox 1932 4495 2274 4592; x_wconf 72' lang='grc' dir='ltr'><strong>ἐλαύνων,</strong></span> 
     </span>
    </p>
   </div>
   <div class='ocr_carea' id='block_1_5' title="bbox 340 4618 2024 4696">
    <p class='ocr_par' dir='ltr' id='par_1_7' title="bbox 340 4618 2024 4696">
     <span class='ocr_line' id='line_1_39' title="bbox 340 4618 2024 4696; baseline -0.001 -4"><span class='ocrx_word' id='word_1_297' title='bbox 340 4618 932 4696; x_wconf 48' lang='grc' dir='ltr'><strong>ΗιιιιιιΜΟΡΝ</strong></span> <span class='ocrx_word' id='word_1_298' title='bbox 1957 4619 2024 4691; x_wconf 86' lang='grc' dir='ltr'><strong>Ο</strong></span> 
     </span>
    </p>
   </div>
  </div>
 </body>
</html>
