3259 5275
1019 490 1202 553 [ΑΒ.
1249 490 1326 554 11.
1415 488 1612 558 cAP.
1653 495 1716 558 4.
1760 494 1825 557 5.
2452 494 2542 560 98

311 682 531 752 licebit
560 683 769 751 etiam
815 681 905 752 de
949 681 1055 752 his
1088 682 1312 751 verbis
1354 681 1658 751 eiusdem
1695 681 2037 774 scriptoris
2071 678 2158 754 V.
2196 679 2318 751 82.
2356 682 2538 752 iudi-

310 809 499 854 care.
585 786 756 884 περὶ
816 780 1087 885 ταύτης
1139 812 1239 858 ων
1302 786 1430 881 τῆς
1492 786 1871 881 συμφορῆς
1937 790 2009 858 οἱ
2065 780 2539 883 Ἐπιδαύριοι

308 891 658 986 ἐχρέωντο
702 893 781 962 ἐν
830 890 1227 985 Δελφοῖσι·
1297 915 1340 985 η
1387 889 1465 962 δὲ
1503 887 1759 991 Πυθίη
1797 890 2019 983 σφέας
2056 890 2332 963 ἐκέλευε
2373 890 2539 962 Δα-

303 992 467 1088 μίης
510 1018 596 1065 τε
650 989 773 1063 καὶ
833 988 1194 1091 Αὐξησίης
1237 984 1631 1085 α’γαλματα
1675 984 2165 1114 ἱδρύσασθαι,
2228 992 2353 1065 καί
2407 1018 2538 1088 σφι

305 1097 858 1218 ἱδρυσαμένοισι
901 1092 1201 1186 ἄμεινον
1250 1095 1762 1168 συνοίσεσθαι·
1830 1087 2266 1217 ἐπειρώτεον
2312 1123 2412 1168 ων
2464 1100 2539 1169 οἱ

303 1191 798 1295 Ἐπιδαύριοι,
850 1189 1118 1294 κότερα
1160 1197 1432 1286 χαλκου
1458 1198 1841 1271 ποιέονται
1875 1225 1971 1270 τα
2003 1191 2445 1292 α’γαλματα,
2490 1196 2539 1296 ἢ

303 1299 545 1374 λίθου.
651 1300 1134 1369 Valckenarius
1182 1299 1294 1367 hic
1338 1301 1734 1375 ποιέωνται
1774 1299 2203 1368 scribendum
2232 1302 2540 1393 putabat,

303 1403 408 1471 cui
436 1402 882 1496 adstipulatus
912 1413 1015 1472 est
1036 1403 1436 1473 Werferus
1417 1426 1486 1471 ιιι
1512 1404 1666 1473 Act.
1698 1402 1976 1477 Monac.
2006 1402 2061 1476 I.
2092 1428 2164 1497 p.
2198 1402 2424 1479 231..
2394 1429 2539 1497 seq.

302 1518 366 1576 et
418 1506 571 1597 quis
623 1530 759 1576 non
811 1508 1011 1575 facile
1058 1508 1436 1576 adducatur
1454 1556 1475 1587 ‚
1543 1516 1619 1576 ut
1666 1506 1735 1574 in
1783 1507 2097 1576 eamdem
2145 1508 2541 1578 sententiam

302 1610 684 1679 concedat?
745 1611 839 1680 Et
884 1620 1146 1696 tamen,
1196 1611 1323 1679 nisi
1366 1611 1602 1695 fallor,
1657 1619 1841 1679 recte
1869 1620 2138 1679 tuentur
2181 1612 2335 1680 libri
2369 1612 2541 1681 indi·

300 1715 596 1782 cativum
612 1762 634 1800 ,
685 1737 822 1783 non
854 1715 1042 1807 quod
1083 1738 1219 1783 non
1267 1714 1532 1783 licuerit
1565 1715 1661 1782 uti
1705 1714 2162 1785 coniunctivot
2213 1739 2372 1783 nam
2408 1716 2536 1785 de·-

299 1818 443 1886 buit
473 1817 593 1886 ille
626 1819 827 1887 etiam
862 1818 1063 1911 poni,
1117 1819 1172 1887 si
1204 1817 1678 1908 quaerebatur,
1731 1840 1816 1887 ex
1844 1841 1980 1908 qua
2012 1819 2293 1887 materia
2321 1843 2536 1914 opor-

299 1930 472 1989 teret
499 1931 749 1990 statuas
788 1923 936 1989 illas
977 1922 1160 1991 fieri·
1212 1920 1336 1990 sed
1366 1919 1555 2011 qnod
1585 1944 1670 1990 eo
1711 1943 1849 1993 non
1879 1944 2055 2014 opus
2085 1932 2249 1996 erat.
2356 1926 2538 1993 Nam

300 2047 513 2114 quum
553 2025 689 2093 iam
739 2035 995 2095 certum
1043 2034 1217 2094 esset
1234 2074 1255 2112 ,
1325 2024 1578 2093 debere
1617 2025 1784 2116 poni
1833 2034 2120 2113 statuas,
2189 2029 2344 2096 satis
2395 2037 2541 2097 erat

299 2129 394 2196 ita
451 2128 725 2218 quaeri·
821 2151 1012 2222 quas
1044 2128 1390 2222 ponimus
1448 2136 1748 2198 statuas
1780 2126 2213 2221 sammusne
2267 2154 2536 2203 aereas

301 2228 867 2404 mzlaazffldeoe?
944 2231 1122 2304 Vide
1174 2232 1305 2303 alia
1359 2231 1597 2302 similia
1667 2230 1859 2324 apud
1925 2232 2316 2305 Werferum
2380 2236 2427 2305 l.
2486 2237 2533 2309 1.
2632 2218 2639 2229 ’

301 2358 378 2428 p.
569 2386 587 2404 .
618 2359 812 2428 seqq.

1292 2590 1302 2611 .
1373 2544 1457 2615 V.

460 2696 598 2767 De
648 2697 755 2771 ἄν
809 2719 1000 2767 cum
1046 2696 1643 2770 οοιιὶαποιὶυο
1695 2695 2355 2770 deliberativo.

508 2851 655 2920 Iam
687 2851 826 2921 sive
858 2851 1323 2921 deliberationi
1361 2854 1503 2924 sive
1536 2852 1984 2922 exhortationi
2022 2852 2339 2923 inserviat
2367 2876 2539 2922 con-

299 2955 665 3046 iunctivus,
720 2979 951 3025 carere
985 2979 1144 3026 eum
1181 2957 1514 3048 particula
1558 2955 1653 3030 ἄν
1680 2958 1805 3026 viri
1850 2958 2034 3026 docti
2075 2958 2536 3027 observarunt.

299 3056 506 3145 Vide,
560 3081 732 3149 quos
776 3061 1329 3129 commemoravit
1371 3059 1706 3129 Matthiae
1739 3062 1811 3129 in
1841 3059 1967 3134 Gr.
2006 3084 2111 3154 gr.
2145 3055 2220 3157 §.
2254 3057 2429 3135 515.
2464 3059 2534 3130 2.

295 3169 434 3232 not.
484 3160 557 3235 l.
595 3164 664 3230 in
694 3163 927 3256 primis
959 3163 1408 3233 Schaeferum
1446 3165 1515 3232 in
1555 3163 1908 3233 Meletem.
1942 3187 2037 3237 cr.
2076 3188 2147 3257 p.
2178 3162 2301 3233 97.
2341 3188 2532 3256 seqq.

295 3263 442 3334 Sed
475 3287 817 3353 caussam,
869 3289 990 3335 cur
1011 3268 1102 3335 ita
1142 3268 1258 3355 sit,
1302 3290 1503 3336 nemo
1533 3268 1880 3361 explicuit.
1985 3266 2259 3336 Dictum
2288 3277 2393 3337 est
2416 3290 2536 3338 su-

295 3391 462 3460 pra,
536 3371 902 3462 particulas
961 3395 1053 3442 αν
1096 3380 1166 3441 et
1205 3371 1326 3445 κέν
1378 3371 1834 3441 conditionem
1881 3368 2282 3462 significare.
2387 3371 2537 3460 lam

295 3472 938 3562 quemadmodum·
919 3496 988 3542 ιιι
1033 3475 1392 3543 indicativo
1425 3476 1663 3568 ἔλεγεν
1701 3503 1794 3547 αν
1832 3472 2119 3543 vidimus
2150 3475 2334 3543 idem
2363 3498 2536 3562 esse,

296 3575 486 3666 quod
519 3577 794 3671 ἔλεγεν,
850 3579 922 3650 εἰ
954 3579 1190 3672 ἔλεγεν
1207 3627 1229 3668 ,
1282 3578 1376 3646 ita
1419 3575 1710 3647 ea'dem
1690 3600 1763 3645 ιιι
1796 3578 2076 3646 caeteris
2103 3578 2325 3647 modis
2364 3580 2537 3648 ratio

296 3679 582 3753 obtinet.
691 3680 959 3766 Quodsi
986 3682 1098 3750 vel
1133 3680 1549 3750 deliberandi
1582 3681 1696 3750 vel
1728 3680 2134 3749 adhortandi
2165 3704 2399 3751 caussa
2429 3682 2538 3751 di·
2628 3683 2633 3700 ¹

299 3805 532 3868 ceres,
586 3784 904 3878 λέγωμεν
951 3782 1080 3873 ἄν,
1130 3784 1297 3853 nihil
1342 3785 1413 3852 id
1444 3784 1631 3853 aliud
1675 3785 1894 3871 foret,
1947 3808 2150 3875 quam
2192 3788 2535 3879 λέγωμεν,

299 3914 358 3959 ει
345 3888 738 3981 λέγωμεν.
803 3887 979 3956 Vide
1006 3910 1194 3973 vero,
1248 3888 1410 3981 quid
1434 3888 1572 3957 hoc
1600 3889 1705 3961 sit.
1774 3886 1961 3956 Nihil
1990 3889 2304 3981 profecto
2329 3887 2536 3978 aliud,

295 4013 505 4079 quam
535 3987 932 4062 debeamus
974 3990 1265 4075 dicere,
1318 3992 1384 4061 si
1415 3990 1847 4076 debeamus,
1900 3992 2012 4060 vel
2041 3992 2345 4078 brevius,
2400 3992 2535 4062 de-

299 4090 514 4164 beam
537 4092 763 4188 sorte
805 4094 1077 4168 dicere.
1177 4096 1274 4166 At
1317 4095 1411 4165 ita
1453 4119 1602 4165 rem
1635 4096 1985 4163 fortuitam
2038 4094 2292 4184 habes,
2357 4118 2538 4188 quae

299 4196 444 4267 fieri
476 4198 765 4286 debeat,
817 4200 873 4268 si
894 4200 1037 4269 fors
1068 4200 1163 4270 ita
1194 4199 1405 4290 serat,
1457 4200 1577 4269 ιιι
1557 4222 1630 4267 ιιι
1657 4199 2031 4268 Homerico
2057 4199 2213 4290 illo,

506 4356 582 4426 εἰ
609 4354 697 4427 δέ
720 4379 799 4426 κε
825 4347 934 4451 μή
967 4347 1282 4445 δώωσιν,
1343 4348 1483 4448 ἐγώ
1511 4356 1597 4429 δέ
1617 4381 1739 4428 κεν
1782 4346 2006 4435 αὐτοὶ·
2034 4356 2328 4447 ἕλωμαι.

305 4507 392 4575 At
423 4507 538 4578 ubi
567 4506 928 4597 deliberaS,
979 4531 1116 4579 non
1143 4507 1310 4601 quid
1344 4508 1521 4579 sorte
1550 4508 1825 4595 debeas,
1881 4508 1924 4581 i.
1962 4530 2023 4579 e.
2056 4504 2224 4598 quid
2257 4504 2535 4592 debeas,
