3259 5275
1045 461 1131 525 LI
1150 461 1220 528 B.
1267 461 1347 526 11.
1436 461 1625 528 cAP.
1672 466 1797 530 n.-
2398 475 2531 541 115

294 673 392 823 «131²
396 674 697 823 gaumeis
748 649 1083 747 capienda
1135 666 1209 746 p.
1258 649 1380 724 89.
1436 652 1521 725 Β.
1569 650 1962 747 legendum.
2066 655 2146 726 In
2195 657 2374 736 Oed.
2424 662 2515 740 R.

1534 905 1684 983 ταῖν
1738 909 1817 982 δὲ
1867 911 2216 1004 πημονῶν
2362 910 2371 917 ’

491 1003 818 1105 μάλιστα
871 1007 1220 1107 innodo)
1269 1015 1360 1085 αἳ
1403 1007 1689 1109 φανῶσ’
1738 1007 2216 1110 αὐθαίρετοι,

284 1202 369 1251 ex
413 1180 680 1250 duobus
724 1180 925 1250 codd.
965 1180 1179 1251 edidit
1212 1181 1631 1268 Erfurdtiu3‚
1683 1184 1925 1273 quibus
1960 1207 2177 1278 nuper
2211 1210 2510 1258 accesse-

281 1294 442 1353 runt
454 1286 565 1353 alii
584 1285 755 1354 libri.
803 1285 1031 1378 Vulgo
1059 1291 1145 1358 αὶ·
1158 1286 1249 1376 “ν,
1266 1286 1529 1355 insolita
1542 1285 1820 1376 quidem
1836 1288 2027 1371 crasi,
2058 1287 2182 1357 sed
2196 1313 2372 1380 quae
2387 1316 2511 1362 ve-

281 1389 399 1457 lim
435 1388 867 1457 defensorem
885 1388 1193 1459 inveniat.
1297 1389 1585 1475 Admisit
1600 1412 1755 1458 eam
1784 1388 1875 1463 din
1891 1390 2186 1459 scribens
2215 1393 2303 1463 G.
2338 1396 2511 1465 Din-

281 1491 459 1560 dorf.
563 1493 785 1561 Recte
808 1493 1104 1584 positum
1134 1498 1235 1578 αἴ,
1273 1493 1330 1562 si
1357 1492 1583 1563 dicere
1624 1493 1860 1580 voluit,
1914 1516 2007 1562 ea
2039 1496 2265 1581 mala,
2321 1519 2511 1590 quae

280 1595 484 1666 ultro
529 1605 923 1666 contracta
944 1593 1279 1690 suerint,
1326 1604 1402 1664 ut
1433 1596 1620 1689 apud
1655 1595 2055 1689 Euripidem
2090 1596 2286 1673 Med.
2330 1598 2503 1671 516.

489 1760 550 1839 ὦ
601 1766 785 1849 Ζεῦ,
835 1765 914 1839 τί
965 1759 1056 1862 δή
1095 1763 1373 1861 χρυσοῦ
1421 1765 1561 1859 μὲν
1614 1763 1693 1846 ὃς
1743 1761 2078 1865 κιβδηλός
2126 1764 2212 1867 ᾗ,

489 1862 831 1966 τεκμήρι’
884 1862 1390 1966 ἀνθρώποισιν
1442 1866 1736 1949 ὤπασας
1787 1870 2006 1967 σαφῆ.

275 2038 424 2111 Sed
471 2062 611 2108 non
649 2039 878 2131 inepte
919 2048 1146 2107 tamen
1189 2037 1558 2107 addidisset
1591 2035 1718 2112 ἄν,
1777 2039 1965 2129 quod
2010 2052 2222 2127 esset,
2286 2043 2502 2137 quid-

277 2142 459 2236 quid
487 2142 676 2223 mali
699 2143 895 2212 ultro
930 2142 1090 2235 quis
1122 2142 1260 2212 siba·
1289 2141 1771 2211 contraxerit.
1851 2143 2200 2235 Plerisque
2230 2146 2297 2213 in
2332 2148 2501 2218 locis
2586 2222 2597 2231 .

273 2248 696 2339 tragicorum
716 2297 737 2334 ,
790 2247 908 2314 ubi
946 2247 1265 2315 omissum
1310 2255 1414 2315 est
1443 2243 1536 2318 ἄν
1553 2299 1581 2334 ,
1626 2245 1828 2314 facile
1869 2269 1955 2314 ex
1998 2247 2137 2335 his,
2185 2272 2361 2339 quae
2393 2251 2501 2320 di-

273 2351 490 2419 ximus
513 2403 533 2440 ,
588 2372 822 2433 caussa
851 2350 1222 2418 omissionis
1268 2349 1588 2443 cognosci
1622 2348 1912 2440 poterit,
1966 2350 2089 2418 etsi
2131 2374 2371 2443 saepe,
2423 2377 2501 2424 re

271 2454 512 2547 paullo
561 2453 755 2521 aliter
795 2453 1090 2546 cogitata
1108 2504 1128 2541 ,
1182 2454 1383 2522 etiam
1428 2453 1616 2520 locus
1663 2461 1765 2520 est
1820 2454 2213 2543 particulae.
2319 2457 2498 2527 Vide

272 2556 498 2651 Soph-
535 2553 715 2626 Oed.
767 2554 848 2626 C.
900 2551 1073 2627 395.
1124 2556 1360 2650 Eurip.
1405 2530 1693 2648 fflppol.
1743 2550 1916 2624 527.
1964 2555 2184 2625 1274.
2239 2567 2308 2627 et
2343 2583 2500 2629 cum

273 2657 466 2743 ὅςτις
499 2661 721 2754 Soph.
751 2660 1003 2729 Trach.
1038 2659 1259 2732 1908.
1310 2661 1545 2751 Eurip.
1583 2659 1799 2752 Hipp.
1834 2658 2007 2730 427.
2039 2661 2187 2730 Alc.
2221 2661 2344 2737 Π.
2378 2666 2501 2734 ubi

270 2786 335 2833 v.
363 2763 611 2834 Monk.
645 2763 818 2833 981.
869 2763 1197 2832 Androm.
1229 2763 1404 2836 179.
1436 2763 1553 2831 ubi
1583 2762 1807 2830 editur
1837 2765 2083 2853 θέλει,
2138 2766 2325 2855 quod
2368 2767 2498 2835 ha-

271 2867 392 2936 bet
429 2869 632 2937 etiam
676 2866 952 2937 Stobaei
990 2867 1208 2935 codex
1236 2867 1321 2935 A.
1355 2866 1570 2936 Serm.
1600 2865 1917 2939 LXXIV.
1953 2865 2072 2934 19.
2102 2891 2258 2936 nam
2286 2871 2498 2963 vulgo

273 2969 461 3064 apud
496 2972 869 3041 Stobaeum
900 2972 1100 3068 θέλῃ.
1145 2970 1301 3062 lph.
1333 2970 1542 3042 Taur.
1599 2967 1820 3041 1064.
1867 2970 2010 3038 Ion.
2043 2967 2219 3044 856.
2258 2972 2495 3042 Belle-

272 3074 475 3167 toph.
510 3075 594 3144 ἦ.
640 3072 760 3142 16.
866 3073 1009 3143 Sed
1042 3075 1112 3141 in
1144 3073 1403 3165 Dictyis
1440 3074 1524 3141 fi.
1566 3070 1684 3141 13.
1728 3072 2201 3165 reponendum
2229 3075 2496 3146 videtur

275 3173 378 3275 ἦν.
467 3178 851 3270 Aeschylus
884 3178 955 3244 in
1000 3181 1252 3260 Τοξοτ.

477 3348 643 3428 νέας
692 3340 1026 3441 γυναικός
1078 3345 1171 3420 οὔ
1219 3375 1315 3439 με
1366 3339 1473 3443 μή
1523 3339 1719 3441 λα’θῃ
1775 3344 2053 3439 φλέγων

477 3443 898 3547 ὀφθαλμός,
949 3446 1109 3547 ἥτις
1160 3442 1422 3546 drapo}
1470 3443 1517 3545 ἦ
1566 3448 1968 3545 γεγευμένη.

272 3621 446 3690 Nam
474 3643 698 3712 neque
741 3619 1197 3715 quaesorte,
1248 3641 1472 3709 neque
1522 3638 2021 3711 quaecumque
2053 3616 2282 3685 dicere
2323 3618 2489 3692 vult.

268 3723 536 3921 11?me
537 3726 741 3896 l{atio
781 3736 882 3796 est
927 3725 1127 3795 huius
1165 3724 1334 3852 dicti*
1358 3721 1544 3815 apud
1581 3721 1924 3794 Plutarch.
1962 3720 2052 3790 de
2095 3719 2253 3795 aud.
2302 3729 2488 3813 poet.

471 3974 642 4055 τόδ’
696 3980 850 4054 ἐστὶ
901 3973 996 4055 vo*
1045 3973 1353 4080 ζηλωτόν
1405 3973 1848 4075 ἀνθρώποις,
1918 3974 2065 4074 ὅτῳ

471 4078 694 4167 τόξον
743 4084 1096 4183 μερίμνης
1150 4087 1247 4165 εἰς
1299 4075 1348 4157 δ’
1397 4075 1749 4177 βούλεται
1801 4083 2014 4177 πέσῃ·

271 4252 655 4347 Sophocles
699 4254 871 4347 Tyr.
915 4255 997 4324 fr.
1034 4250 1155 4324 15.
1201 4278 1313 4348 ap.
1358 4255 1617 4323 Aelian.
1664 4249 1752 4319 de
1793 4250 1880 4317 N.
1922 4247 2147 4320 Anim.
2199 4249 2321 4321 XI.
2366 4245 2485 4317 18.

273 4358 452 4428 cuius
483 4358 884 4451 fragmenti,
939 4358 1124 4449 quod
1160 4360 1388 4452 plures
1425 4357 1550 4425 viri
1574 4354 1761 4423 docti
1784 4362 2154 4439 tentarunt,
2206 4351 2481 4419 novissi-

271 4483 378 4532 me
417 4472 645 4531 autem
678 4461 793 4531 Fr.
819 4463 1161 4533 Iacobsius
1176 4511 1198 4549 ‚
1248 4463 1457 4556 patris
1491 4457 1906 4554 cognominis
1950 4456 2122 4525 filius
2139 4506 2159 4544 ‚
2212 4453 2302 4522 ad
2342 4454 2490 4523 Xe-

1904 4574 1979 4642 H
2030 4571 2081 4639 2
