3259 5275
849 527 1793 622 nisssu‘ra‘rro
2299 534 2429 608 m

248 723 313 791 ln
334 721 431 792 bis
458 712 970 817 φοινικόπεδον
987 742 1193 789 nemo
1215 743 1352 790 nou
1381 720 1569 792 videt
1592 741 1728 790 non
1757 718 1849 788 de
1879 722 2080 792 maris
2107 744 2426 813 aequore,

247 826 355 896 sed
379 825 463 894 de
491 837 669 894 terra
693 848 881 893 mare
908 823 1076 892 illud
1113 826 1425 918 cingente
1458 823 1712 892 dictum
1743 847 1910 894 esse.
2016 823 2432 912 Confirmat--

245 953 362 1022 quc
388 930 657 1022 vulgata
683 928 871 1021 apud
907 939 1168 998 veteres
1200 928 1448 1020 opinio.
1504 927 1893 1020 Stephanus
1917 927 2090 1020 Byz.
2118 952 2177 1001 ν.
2183 925 2423 1052 ‘'Epp-

246 1026 413 1128 θρά·
468 1023 859 1154 Otipoimocd
860 1027 933 1105 δ’
967 1036 1045 1106 ἐν
1067 1028 1487 1127 Ἀραβικῶν
1520 1032 1869 1161 δευτέρᾳ,
1923 1025 2074 1106 nimi
2106 1060 2254 1106 των
2282 1059 2425 1106 πα-

245 1138 661 1230 ρακειμένων
709 1132 937 1232 ὁρῶν,
988 1133 1040 1207 ὁὶ
1082 1128 1369 1256 ἐρυθρα
1408 1133 1653 1211 δεινῶς
1703 1134 1841 1207 εἰσὶ
1884 1162 2003 1207 και
2044 1136 2422 1232 πορφυρᾶ,

244 1238 348 1310 καὶ
378 1231 551 1359 ἑπην
580 1231 811 1334 βάλλῃ
843 1240 939 1319 εἰς
968 1231 1158 1311 αὐτα
1189 1235 1233 1311 o‘
1263 1235 1460 1335 ἥλιος
1489 1233 1625 1359 τήν
1660 1231 1911 1332 αὐγήν,
1963 1240 2425 1330 καταπέμπει

245 1344 329 1422 εἰς
368 1369 497 1437 την
538 1335 925 1416 θαλασσαν
977 1368 1187 1414 onear
1223 1333 1583 1463 ἐρυθρόν·
1638 1337 1756 1413 καὶ
1790 1338 2045 1437 ὄμβρῳ
2083 1343 2160 1414 δὲ
2202 1368 2424 1420 κατα,-

244 1445 677 1517 κλυσθέντων
735 1445 885 1517 τῶν
933 1439 1159 1567 ὀρέων
1206 1435 1400 1517 κάτω
1454 1445 1837 1565 συρῤέοντι
1885 1447 1982 1524 εἰς
2041 1437 2423 1517 θαλασσαν

245 1545 416 1619 οὕτω
466 1547 791 1641 γίγνεται
844 1546 885 1636 ἦ
942 1540 1283 1620 θάλασσα
1331 1574 1464 1635 την
1520 1537 1770 1642 χρόαν.
1871 1547 2060 1617 Alios
2114 1558 2424 1618 auctores

243 1650 323 1716 ibi
358 1651 670 1719 indicavit
709 1650 1104 1733 Berkelius;
1168 1651 1380 1718 multo
1432 1649 1727 1742 plurium
1782 1651 2157 1720 testimonia
2209 1653 2425 1719 attulit

243 1752 595 1822 Relandus
576 1778 646 1823 ιιι
668 1753 824 1822 diss.
847 1753 934 1823 de
951 1776 1116 1822 man
1096 1753 1424 1844 rubrop.
1440 1752 1561 1822 70.
1578 1777 1680 1842 sq.
1731 1754 2255 1844 Insequentibus
2274 1755 2423 1824 hbn

243 1852 736 1938 παντεπόπτας
777 1853 1045 1955 ἠέλιος,
1094 1859 1359 1947 aliaque
1404 1856 1766 1943 mendosa,
1828 1851 2422 1953 παντοστρόφον,

242 1954 832 2055 παντοστρόφωνε
860 1971 1007 2028 ιιιιιι
1027 1960 1227 2032 codd.
1244 1989 1289 2033 τ
1302 1958 1598 2029 ’addunt
1613 1968 1773 2052 post
1788 1987 2156 2054 προχοαις,
2187 1984 2270 2030 ex
2287 1984 2423 2051 quo

244 2063 456 2130 coniici
474 2074 723 2155 potest,
751 2064 954 2132 fuisse
969 2065 1083 2155 qui
1107 2065 1419 2159 θέρμαις
1443 2065 1765 2157 legerent.
1819 2059 1945 2132 His
1966 2064 2306 2155 scripturis
2323 2066 2432 2134 ui-

241 2164 725 2256 hiljadiuvamur
741 2169 830 2235 ad
849 2166 1297 2260 expedienda,
1355 2190 1531 2258 quae
1558 2168 1629 2234 in
1643 2165 1778 2234 hoc
1801 2167 1954 2235 loco
1975 2168 2424 2259 explicatione

243 2267 537 2362 indigent.
589 2271 793 2341 Patet
823 2295 904 2339 ea
933 2271 1256 2339 contineri
1281 2271 1557 2339 vocibus
1584 2263 2108 2366 παντοτρόφον
2140 2281 2210 2339 et
2240 2277 2423 2362 χαλ-

242 2375 676 2468 κοκέραυνον.
777 2374 1085 2460 Quarum
1138 2376 1417 2443 alteram
1471 2373 1862 2442 Lobeckius
1917 2382 1988 2441 et
2037 2373 2424 2444 Erfurdtius

242 2477 417 2544 metri
459 2500 699 2546 caussa
738 2479 807 2545 iu
841 2471 1138 2551 πάντων
1167 2472 1448 2573 τροφόν
1475 2476 1867 2545 mutandam
1906 2478 2304 2548 censebant:
2354 2501 2419 2553 V.

242 2576 786 2651 Friedemannum
817 2580 907 2650 ad
951 2577 1177 2651 Strab.
1210 2581 1322 2654 lib.
1349 2581 1401 2651 1.
1428 2605 1501 2675 p.
1538 2577 1710 2649 315.
1743 2580 1862 2650 sed
1896 2580 1986 2650 de
2013 2591 2232 2652 metro
2270 2583 2528 2674 qui-16

244 2683 385 2752 dem
415 2695 730 2778 exempta
759 2685 1085 2755 dubitatio
1116 2709 1157 2754 a
1195 2685 1587 2755 Gaisfordio
1613 2684 1705 2752 ad
1736 2684 2111 2778 Hephaest.
2142 2710 2214 2779 p.
2251 2685 2423 2757 28⁰.

245 2796 306 2854 et
331 2801 434 2857 me
460 2791 531 2857 in
556 2790 785 2864 Elem.
825 2789 894 2863 d.
927 2813 1019 2859 m.
1050 2813 1121 2882 p.
1158 2788 1330 2861 374.
1406 2789 1647 2857 Perdit
1671 2811 1835 2858 vero
1861 2790 2057 2858 metri
2085 2792 2414 2860 rationem

243 2888 585 2981 Tyrwhitti
636 2892 728 2961 ad
772 2893 1181 2963 Strabonem
1225 2893 1610 2962 coniectura
1656 2893 2213 2988 ποντοτρεφιὸν,
2290 2918 2430 2984 quo

245 2994 433 3063 verbo
459 2996 570 3065 ille
607 2995 1180 3089 Ichthyophagos
1220 2996 1354 3065 dici
1392 2996 1698 3089 putabat.
1802 2994 1884 3063 Id
1915 2996 1969 3064 si
2001 2997 2107 3064 cui
2136 2997 2428 3091 placeat,
2517 3083 2526 3097 .

243 3096 478 3181 facilius
519 3108 712 3192 aptet
743 3109 997 3188 metro,
1051 3101 1105 3168 si
1133 3092 1652 3192 ποντοτρόφον
1677 3098 1945 3167 scribat.
2050 3099 2146 3167 Et
2175 3123 2428 3183 conve·
2519 3104 2530 3115 '

243 3201 331 3268 nit
360 3202 426 3271 id
467 3227 627 3272 sane
656 3203 917 3295 optime
934 3254 954 3291 ,
1010 3202 1666 3295 comprehenditque
1704 3202 1904 3271 etiam
1949 3200 2433 3296 Chelonopha-

245 3325 377 3395 gos.
475 3306 623 3376 Sed
653 3316 954 3401 praestat
982 3316 1244 3394 tamen,
1296 3306 1575 3398 opinor,
1628 3299 2153 3402 παντοτρόφον
2183 3316 2432 3400 tenere,

245 3409 413 3495 quod
439 3410 622 3479 idem
657 3412 745 3480 sit
770 3433 853 3478 ac
890 3403 1185 3484 πάντων
1211 3402 1516 3506 τροφόν.
1621 3409 1980 3477 Latissime
2020 3409 2194 3477 enim
2243 3420 2437 3503 patet

244 3504 621 3606 Aethiopia,
686 3536 1096 3604 omnemque
1146 3513 1622 3634 complectitur
1660 3511 1935 3581 Africae
1983 3521 2272 3582 tractum
2319 3515 2436 3606 qui

245 3613 323 3680 ad
345 3618 690 3687 meridiem
721 3641 792 3686 es
763 3628 843 3684 st.
944 3619 1172 3707 Atque
1198 3616 1312 3683 id
1293 3638 1516 3709 ipsum
1544 3625 1623 3684 ut
1648 3615 2158 3701 demonstraret,
2210 3618 2435 3687 locum

186 3802 191 3806 ᾗ
244 3716 416 3786 ἱΙΙιιιιι
438 3714 766 3812 Aeschyli
793 3721 1009 3788 attulit
1040 3718 1309 3791 Strabo.
1414 3720 1659 3789 Restat
1692 3719 1900 3788 altera
1926 3743 2078 3789 vox.
2167 3721 2262 3789 Et
2292 3721 2433 3791 Ca—

244 3823 562 3894 saubonus
598 3824 876 3916 quidem
901 3823 1282 3892 laudandus
1316 3823 1407 3893 ob
1432 3822 1874 3909 modestiam,
1925 3824 2043 3912 qui
2077 3846 2432 3916 „ecquam,

244 3923 472 4015 inquit,
522 3927 891 4020 „paludem
931 3928 1530 4022 Χαλκοκέραυνον
1554 3926 1974 4018 Aethiopum
2000 3937 2206 4018 poeta
2233 3928 2433 4000 intel-

244 4027 471 4120 „ligm
535 4053 673 4100 non
710 4053 873 4101 sane
913 4032 1061 4124 ipse
1100 4031 1473 4123 intelligo.“
1569 4030 1656 4099 Id
1695 4029 2117 4122 Tyrwbittus
2161 4054 2439 4125 quoque

247 4130 357 4198 sibi
382 4134 688 4204 accidere
720 4135 988 4207 fatetur.
1062 4135 1114 4202 l.
1151 4134 1241 4204 H.
1278 4134 1555 4204 Vossius
1587 4156 1752 4204 vero
1765 4184 1786 4220 ,
1841 4134 2113 4204 Pauwio
2141 4147 2437 4225 auctore,

247 4235 401 4304 aeris
427 4234 633 4307 instar
667 4248 1135 4309 coruscantem
1159 4239 1630 4331 interpretatus
1659 4238 1862 4307 estin
1890 4237 2107 4330 Epist.
2147 4241 2434 4330 mythol.

248 4332 357 4405 55.
381 4361 453 4433 p.
484 4340 658 4410 161.
692 4344 827 4414 vol.
859 4342 948 4417 11.
984 4342 1094 4416 ed.
1125 4365 1261 4415 sec.
1318 4342 1774 4412 Schneiderus
1800 4342 1870 4411 iu
1893 4342 2110 4410 lexico
2139 4341 2433 4432 Graeco,

247 4461 471 4512 vocem
513 4447 732 4539 ipsam
775 4447 994 4541 magis
1035 4469 1239 4537 quam
1279 4445 1352 4513 id
1392 4446 1482 4516 de
1519 4469 1658 4538 quo
1699 4444 1881 4514 dicta
1913 4454 2016 4513 est
2045 4447 2431 4536 respiciens,

250 4548 806 4648 χαλκοκέραστον
831 4552 942 4621 vel
969 4551 1183 4621 simile
1214 4550 1380 4640 quid
1412 4552 1738 4647 scriptum
1767 4548 2186 4641 opinabatur.
2239 4552 2434 4623 Tue-
