3259 5275
1041 441 1662 506 coLVTflI.
2336 435 2536 512 εκ·

466 638 545 707 V.
577 631 750 706 254.
804 655 1017 726 quum
1056 627 1380 731 θαλερόν
1405 658 1538 728 pro
1583 637 1920 732 θαλερῶν
1951 636 2283 730 praebeat
2314 637 2463 707 cod.

285 743 439 812 Mut.
466 741 749 810 maxime
782 739 1071 831 simplex
1098 739 1340 832 opinor
1366 740 1746 809 emendatio
1773 740 2181 833 praestabit,

369 893 479 967 nal
509 884 857 987 θαλάμου
890 884 1406 989 προπάροιθεν
1435 887 1884 968 ὀπιπεύουσα
1917 885 2237 992 θυράων.

460 1046 539 1116 V.
576 1044 750 1115 258.
807 1044 999 1114 Nihil
1028 1048 1326 1137 suspecti
1355 1047 1641 1117 haberet
1672 1047 1785 1116 hic
1824 1047 2013 1116 locus
2027 1098 2047 1134 ,
2105 1049 2160 1117 si
2191 1047 2464 1140 legere-

279 1165 373 1220 tur
400 1149 650 1224 ἇλλοτε
681 1149 839 1241 μέν.
921 1148 1132 1234 Quod
1161 1149 1315 1218 libri
1341 1175 1575 1221 omnes
1599 1151 1856 1221 habent
1885 1150 2146 1225 ἄλλοτε
2181 1145 2290 1248 δή,
2342 1175 2463 1220 ve-

280 1277 416 1322 reor
451 1276 535 1321 ne
579 1251 1012 1320 scribendum
1056 1253 1140 1320 sit
1182 1251 1441 1329 ἄλλοτε
1472 1256 1592 1344 δέ,
1648 1254 2020 1324 exciderint
2060 1262 2284 1323 autem
2338 1255 2463 1322 ali-

279 1366 425 1448 quot
444 1377 717 1443 ·versus,
768 1356 836 1424 in
862 1355 1102 1445 quibus
1132 1356 1417 1426 fortasse
1462 1381 1619 1426 cum
1650 1355 1969 1451 Apolline
2013 1357 2461 1450 comparaba—

278 1471 372 1529 tur
409 1458 592 1530 Paris
614 1508 635 1545 ‚
700 1459 928 1527 omissi
972 1459 1065 1526 illi
1113 1483 1244 1551 per
1283 1461 1800 1555 negligentiam,
1866 1461 2215 1530 aberrante
2264 1461 2463 1530 oculo

279 1564 354 1632 ad
401 1563 659 1638 ἄλλοτε
722 1563 800 1636 δὲ
855 1562 943 1630 ab
999 1560 1260 1636 ἄλλοτε
1323 1568 1495 1660 μέν,
1560 1566 1748 1657 quod
1809 1566 2118 1657 superius
2169 1565 2463 1658 positum

397 1667 569 1740 lexit.

278 1690 399 1760 neg
464 1771 544 1843 V.
571 1765 747 1839 264.
801 1766 1252 1839 scribendum
1289 1771 1555 1840 videtur
1596 1770 1713 1845 ἐπὶ
1751 1769 2088 1868 ξυνοχῇσι
2125 1765 2463 1870 καρήνου.

278 1874 370 1943 lta
393 1873 629 1967 capitis
660 1894 815 1940 cum
843 1874 1105 1942 cervice
1133 1874 1507 1944 iuncturam
1538 1874 1858 1968 appellat.

461 1977 541 2050 V.
575 1972 751 2042 266.
805 1975 1058 2044 Veram
1101 2002 1246 2050 esse
1280 1989 1450 2072 puto
1488 1979 1817 2048 librorum
1846 1978 2290 2071 scripturam,
2343 1977 2467 2046 sed

278 2079 982 2171 manmitadistingui.

370 2225 581 2305 ξεῖνε,
638 2209 874 2289 πόθεν
906 2217 1229 2299 τελέθεις
1259 2210 1525 2317 ἔρανον
1556 2218 1800 2310 γένοςς
1857 2217 2009 2290 εἰπὲ
2045 2216 2167 2290 καὶ
2200 2214 2396 2315 ἡμῖν.

277 2370 388 2439 Est
418 2395 501 2444 ea
525 2368 934 2440 blandientis
965 2370 1219 2459 oratio,
1270 2372 1552 2441 similem
1581 2372 1720 2439 vzim
1748 2370 2006 2442 habens
2024 2422 2048 2462 ‚
2099 2380 2175 2440 ut
2201 2339 2468 2442 Home-—

278 2475 473 2546 ticum
496 2474 704 2559 illud,
757 2479 876 2545 ἴνα
911 2472 1280 2563 εἴδομεν”’
1226 2503 1473 2570 αμφω.

462 2579 754 2648 Versum
797 2573 968 2645 269.
1026 2578 1140 2668 qui
1193 2602 1231 2647 e
1276 2579 1431 2648 cod.
1478 2578 1652 2648 Mat.
1707 2578 2023 2667 accessit,
2083 2601 2294 2671 quum
2334 2602 2470 2649 non

281 2683 693 2751 commodam
725 2679 958 2748 sedem
991 2690 1223 2750 tenere
1269 2683 1830 2752 animadverteret
1868 2683 2159 2752 Iulianus
2173 2732 2194 2769 ‚
2244 2685 2472 2775 posuit

280 2808 418 2853 eum
447 2796 601 2855 ante
629 2807 692 2854 v.
724 2781 896 2852 268.
966 2785 1057 2852 At
1098 2808 1182 2853 ne
1224 2787 1320 2855 sic
1366 2787 1642 2878 quidem
1669 2787 2044 2880 elegantiae
2085 2788 2465 2859 consulitur.

278 2887 441 2957 Mihi
471 2887 830 2983 ponendus
864 2887 1128 2956 videtur
1155 2900 1311 2961 ante
1337 2914 1400 2961 v·
1438 2887 1612 2966 273.
1666 2914 1805 2982 quo
1836 2890 1991 2959 loco
2024 2912 2178 2959 eum
2222 2891 2365 2984 legi
2402 2897 2472 2959 et

279 3015 373 3060 res
401 3001 468 3062 et
491 2993 709 3062 verba
732 2991 1095 3085 postulant.

467 3114 548 3183 V.
581 3109 760 3184 276.

366 3258 535 3326 τοῖα
575 3244 826 3348 Πάριν
858 3250 1235 3321 ποθέουσα
1265 3242 1654 3345 λιγύθροος
1676 3248 1923 3322 ἔννεπε
1952 3242 2220 3346 νύμφη.

281 3403 460 3474 Haec
507 3405 662 3474 cod.
704 3403 877 3471 Mut.
928 3402 1261 3494 scriptura
1303 3402 1573 3471 minime
1624 3403 1854 3494 inepta
1891 3401 2223 3471 videbitur
2260 3422 2471 3494 repu-

282 3511 431 3577 tanti
480 3501 733 3602 Πάριν
778 3529 917 3576 non
975 3527 1131 3575 cum
1174 3506 1596 3593 ποθέουσα,
1652 3503 1777 3573 sed
1806 3527 1961 3573 cum
2006 3507 2250 3580 ἔννεπε
2300 3527 2469 3573 con-

282 3610 685 3705 iungendam
719 3635 902 3695 esse,
956 3632 1093 3699 quo
1137 3608 1346 3680 modo
1377 3609 1575 3679 etiam
1607 3609 1947 3681 Homerus
1976 3605 2133 3683 εἶπε
2161 3632 2316 3679 cnm
2352 3632 2472 3677 ac-

285 3717 566 3785 cusativo
601 3713 979 3783 construxit.

473 3852 558 3924 V.
588 3850 763 3922 278.
816 3849 1246 3920 scribendum
1270 3859 1477 3942 puto,

379 3991 453 4061 εἴ
471 3983 646 4063 τινά
680 4015 823 4062 που
865 3986 1175 4085 Φρυγίης
1208 3985 1321 4060 ἐπὶ
1352 3986 1647 4082 πείρασι
1675 3993 1892 4079 γαῖαν
1923 3981 2232 4069 α’κοῦεις.

289 4138 488 4224 Quod
520 4142 673 4211 libri
716 4141 973 4233 habent
1003 4139 1149 4225 ἑνί,
1200 4141 1255 4211 si
1277 4163 1482 4231 quem
1518 4163 1653 4234 ego
1685 4163 1952 4211 sensum
1983 4141 2224 4210 harum
2250 4160 2475 4208 rerum

286 4240 524 4333 habeo,
575 4246 709 4314 hac
742 4245 810 4314 in
852 4244 1014 4313 sede
1057 4267 1286 4313 versus
1317 4249 1393 4318 ἑν
1424 4243 1699 4313 dixisset
1724 4254 1953 4337 poeta.
2060 4244 2277 4335 quue
2313 4242 2477 4310 red-

289 4344 579 4417 dendum
609 4348 908 4417 existimo
935 4348 1133 4419 etiam
1153 4347 1441 4416 Musaeo
1484 4371 1545 4415 v.
1577 4346 1698 4415 81.
1741 4346 1928 4440 apud
1955 4371 2158 4438 quem
2185 4370 2247 4418 v,
2299 4344 2471 4416 271.

168 4476 177 4485 ·
288 4451 635 4522 meliorem
656 4452 1056 4545 scriptun-am
1090 4450 1228 4521 duo
1254 4450 1455 4521 codd.
1482 4450 1819 4553 praebent¹
1843 4442 2346 4546 παρακάτθεο.
