3259 5275
681 507 764 575 vl
1388 505 2182 575 PRAEFATIO.

679 705 863 770 tenta
908 695 1035 770 ee'd
1062 703 1203 766 non
1231 696 1495 769 videtur
1524 700 1831 772 inventus
1860 722 2045 790 esse,
2095 700 2212 791 qui
2241 699 2310 771 ei
2338 722 2614 771 muscae
2640 708 2878 795 patro-

675 858 801 913 nus
849 834 1088 908 haberi
1129 836 1357 912 vellet.

874 1037 1214 1132 Impressa
1248 1032 1385 1112 iam
1417 1063 1502 1114 ea
1539 1038 2151 1130 dissoetatiuncnla‚
2203 1057 2383 1130 quae
2420 1047 2521 1108 est
2551 1038 2640 1110 de
2675 1063 2872 1111 men-

668 1196 825 1244 sura
850 1176 1196 1268 utriusque
1236 1176 1365 1270 ἄν,
1415 1178 1665 1249 litteras
1698 1202 1741 1247 a
1766 1177 2077 1248 Seidlero
2107 1199 2265 1246 meo
2296 1176 2569 1271 accepi,
2618 1178 2688 1246 in
2716 1182 2873 1271 qni-

636 1313 793 1396 ,bus
833 1314 947 1384 ille
991 1316 1079 1385 de
1114 1315 1514 1409 quibusdam
1541 1317 1811 1386 illorum
1852 1315 2316 1408 exemplorum
2335 1363 2358 1402 ,
2408 1314 2478 1384 in
2506 1314 2747 1406 quibus
2778 1314 2871 1391 ἄν

660 1439 1032 1545 potentiale
1072 1453 1558 1524 dubitationem
1598 1453 1892 1542 fecerat,
1953 1475 2144 1523 snam
2193 1474 2462 1521 mecum
2496 1452 2869 1522 communi-

661 1592 839 1661 cavit
882 1593 1295 1662 sententiam.
1399 1591 1464 1661 Is
1515 1561 1597 1661 in·
1629 1601 1868 1683 quarto
1887 1641 1910 1680 ,
1977 1589 2166 1681 quod
2203 1587 2525 1680 Aeschyli
2561 1589 2630 1658 in
2671 1589 2868 1682 Aga-

657 1751 1015 1800 memnone
1066 1737 1204 1820 est,
1283 1727 1522 1799 ordine
1575 1729 1942 1800 verborum
1985 1735 2243 1799 mutato
2302 1724 2444 1820 legi
2491 1699 2697 1820 posse
2734 1728 2867 1797 ob-

655 1874 911 1960 servat,
1010 1939 1015 1946 ,

960 2010 1244 2102 ἑλόντες
1288 2013 1420 2092 οὐκ
1463 2016 1557 2092 ἄν
1592 2013 1815 2101 αὖθις
1851 2010 2251 2094 <firmamur
2278 2015 2391 2092 ἄν.

650 2203 732 2276 In
768 2203 1038 2297 quinto,
1088 2203 1458 2298 Sophoclis
1510 2204 1579 2273 in
1615 2204 1827 2274 Aiace
1844 2254 1866 2293 ‚
1915 2205 2065 2297 ipse
2115 2160 2391 2297 quoqne
2431 2204 2501 2274 in
2549 2205 2859 2280 ἀνταπ-

646 2336 977 2438 μοῖσαιμ’
1016 2341 1109 2417 ἄν
1148 2341 1414 2430 incidit,
1478 2342 1739 2408 nescius
1784 2363 1827 2408 a
1867 2340 2120 2409 Bothio
2166 2340 2304 2409 hoc
2351 2364 2498 2411 esse
2553 2363 2857 2435 occupa-

646 2489 810 2550 tum.
915 2479 993 2547 ln
1027 2479 1328 2567 decimo,
1379 2475 1682 2545 eiusdem
1723 2485 1971 2569 poetae
2003 2478 2073 2545 in
2100 2474 2411 2570 Electra,
2465 2480 2858 2548 sententiam

643 2616 988 2708 requIrere
1029 2612 1165 2690 κᾶν
1209 2615 1550 2685 existimat.
1651 2613 1732 2683 In
1773 2612 2169 2699 undecimo,
2238 2612 2425 2705 qnod
2468 2625 2569 2684 est
2603 2616 2671 2684 in
2707 2618 2853 2686 Ae-

645 2754 864 2847 schyli
905 2753 1190 2846 Septem
1237 2753 1326 2820 ad
1355 2751 1670 2841 ThebaS,
1719 2759 1796 2819 nt
1826 2773 2000 2844 ego,
2055 2749 2150 2824 ὃν
2191 2743 2683 2847 ἀληθεύσαιμ’
2714 2746 2854 2849 5703

528 2900 533 2911 '
645 2891 956 2991 corrigit,
1005 2890 1197 2985 aliter
1235 2899 1465 2960 tamen
1499 2886 1590 2959 de
1620 2890 2042 2987 praegressis
2080 2889 2301 2960 verbis
2338 2888 2641 2959 sentiens.
