3259 5275
733 500 861 564 184
1432 491 1548 553 σε
1601 441 2292 558 ΡΔΒΤισνιιᾶν

727 684 1078 809 Ἕλληνας
1142 675 1885 807 xavoedovioeoaossac:
1947 675 2127 811 πρός
2182 681 2321 774 μὲν
2386 708 2543 754 τον
2585 682 2957 772 τοιοῦτον,

739 782 1191 888 κρατήσασαι
1223 784 1483 911 ρᾳδίως
1510 812 1603 857 αν
1633 780 1869 858 αὐτοῦ
1898 784 2016 857 καὶ
2050 812 2236 857 κατα
2272 784 2405 881 γῆν
2435 782 2555 856 καὶ
2582 812 2772 858 κατα
2803 780 2958 859 θοὶ-

743 899 1020 968 λατταν
1036 942 1064 980 ,
1119 882 1411 986 εἰρήνην
1439 891 1536 969 εἰς
1567 884 1861 960 ἅπαντα
1906 880 2455 984 συνεγράψαντο
2508 881 2640 960 τόν
2671 883 2957 984 χρόνον.

743 994 932 1087 quod
970 1002 1108 1079 est,
1161 988 1253 1065 οὗ
1285 984 1686 1090 ἐκράτησαν
1726 1018 1839 1063 αν.
1942 990 2198 1060 Mirum
2224 1012 2388 1059 vero
2416 1000 2518 1059 est
2551 991 2738 1084 apud
2766 1015 2964 1061 eum·

744 1098 906 1167 dem
941 1096 1308 1165 Isocratem
1332 1119 1404 1188 p.
1437 1092 1608 1165 129.
1636 1094 1722 1163 A.
1755 1093 1851 1162 sic
1876 1092 2050 1187 legi:
2102 1096 2173 1166 εἴ
2200 1094 2277 1167 δὲ
2305 1096 2421 1166 δεῖ
2458 1093 2579 1166 καὶ
2614 1094 2783 1190 περὶ
2816 1122 2964 1168 των

747 1203 1017 1285 ἔξωθεν
1047 1198 1417 1296 βοηθειῶν
1448 1198 1698 1283 εἰπεῖν,
1752 1193 2072 1292 ἠγοῦμαι
2107 1189 2416 1276 πολλους
2457 1198 2761 1271 ἔσεσθαι
2795 1192 2966 1280 τούς

742 1302 1233 1399 βουλομένους
1291 1291 1690 1427 ἐπαμυνειν
1757 1297 1955 1422 ημῖν.
2035 1298 2468 1422 ἐπίσταμαι..
2478 1293 2618 1425 γάρ
2667 1301 2965 1397 πρῶτον

744 1407 882 1498 μὲν
909 1401 1380 1501 Ἀθηναίους,
1433 1404 1505 1474 εἰ
1529 1402 1647 1474 καὶ
1675 1395 1782 1494 μή
1811 1396 2052 1475 πάντα
2088 1397 2273 1494 μεθ
2303 1399 2508 1498 ἤμων
2538 1401 2756 1492 εἰσίν,
2813 1399 2966 1476 ἄλλ,

746 1506 929 1603 υπέρ
961 1533 1041 1598 γε
1081 1506 1210 1602 τῆς
1244 1504 1598 1603 σωτηρίας
1641 1505 1768 1602 τῆς
1779 1503 2159 1628 ἡμετέρας
2185 1503 2440 1578 ὁτιοῦν
2471 1533 2563 1577 αν
2607 1499 2966 1601 ποιήσον-

745 1635 909 1691 τας·
964 1610 1219 1683 ἔπειτα
1249 1608 1397 1681 τοῖν
1431 1604 1665 1681 αλλων
1698 1601 1974 1681 πόλεων
2007 1609 2205 1682 ἔστιν
2237 1606 2320 1688 ἃς
2346 1603 2613 1700 ομοίως
2645 1636 2737 1680 αν
2780 1606 2962 1705 υπὲρ

745 1712 897 1787 τοῖν
925 1708 1103 1809 η’μῖν
1139 1703 1661 1833 συμφερόντων
1695 1736 1785 1790 ως
1814 1710 1979 1832 περὶ
2007 1711 2154 1784 τῶν
2183 1715 2477 1791 ἑαυταῖς
2514 1715 2965 1804 συμβουλευ-

747 1816 1092 1909 σομένας·
1146 1814 1256 1888 ἔτι
1290 1813 1368 1887 δὲ
1397 1805 1800 1886 Διονυσιον
1848 1841 1974 1886 τον
2005 1838 2391 1921 τυραννον
2400 1812 2522 1885 καὶ
2554 1840 2688 1886 τον
2726 1814 2965 1907 Αἰγυ-

744 1917 974 1991 πτίων
1006 1916 1311 2010 βασιλέα
1359 1913 1479 1987 καὶ
1524 1941 1699 1996 τους
1736 1914 1994 1997 ἄλλους
2033 1942 2226 1988 κατα
2257 1908 2393 2013 τήν
2433 1911 2692 1989 Ασίαν
2733 1910 2959 1990 δυνά-

637 2016 640 2021 μ
750 2045 966 2109 στας,
1018 2014 1200 2092 καθ
1241 2016 1417 2092 ὅσον
1452 2021 1748 2093 ἔκαστοι
1775 2013 2164 2108 δυνανται,
2213 2011 2614 2113 προθύμως
2655 2047 2749 2092 αν
2788 2018 2967 2115 ἡμῖν

744 2116 1374 2219 ἐπικουρήσοντας.
1446 2121 1529 2190 ln
1558 2118 1737 2190 his‘
1693 2149 1950 2196 οτιουν
1979 2149 2071 2194 αν
2096 2143 2226 2214 pro
2254 2121 2535 2213 vulgato
2560 2114 2805 2196 πάντα
2834 2124 2966 2191 hn-

613 2216 623 2227 ’
744 2225 865 2296 bet
912 2222 1063 2298 cod.
1119 2225 1426 2294 Vrbinas.
1530 2223 1725 2293 ldem
1769 2251 1862 2297 αν
1907 2233 2070 2318 post
2120 2216 2521 2319 προθυμως
2560 2227 2840 2313 omittit,
2893 2236 2966 2296 ut

747 2329 1023 2420 quidem
1066 2330 1135 2397 in
1177 2329 1409 2397 litteris
1446 2327 1537 2395 ad
1584 2351 1697 2396 me
1731 2327 1900 2397 datis
1946 2327 2302 2397 Bekkerus
2348 2328 2651 2419 scripsit·
2701 2353 2859 2398 num
2898 2332 2965 2399 in

747 2432 1037 2502 editione
1072 2453 1193 2500 suu
1222 2430 1386 2500 nihil
1424 2430 1514 2500 de
1543 2453 1627 2499 eu
1661 2431 2017 2500 omissione
2044 2431 2405 2500 adnotavit.
2472 2428 2637 2499 Et‘
2592 2434 2842 2506 οτιοῦν
2872 2462 2965 2507 αν

748 2535 1026 2627 quidem
1068 2544 1254 2603 recte
1298 2558 1372 2603 se
1405 2533 1647 2623 habet,
1701 2534 1890 2626 quod
1931 2535 2045 2604 hic
2077 2532 2168 2608 ἄν
2213 2556 2349 2603 non
2397 2534 2487 2602 ad
2535 2536 2967 2629 participium

746 2640 1057 2733 pertinet.
1160 2639 1317 2708 Duo
1346 2637 1395 2711 ἄ
1399 2668 1437 2712 ν
1472 2649 1699 2708 autem
1741 2663 1917 2728 quae
1942 2649 2312 2730 sequuntur
2327 2689 2349 2725 ,
2398 2639 2524 2707 nisi
2562 2637 2774 2709 deleri
2809 2643 2966 2734 pla-

748 2752 907 2828 cet,
957 2742 1302 2832 requirere
1345 2743 1572 2811 aoristi
1599 2743 2026 2837 participium
2056 2743 2365 2812 videntur
2378 2793 2399 2830 ,
2454 2742 2640 2832 quod
2685 2744 2966 2833 quidem

746 2792 947 2915 etiam
975 2846 1081 2913 isti
1119 2843 1370 2919 οτιοῦν
1403 2872 1496 2918 αν
1525 2846 1687 2914 addi
1713 2849 1950 2939 potuit.
2031 2849 2251 2916 Recte
2284 2846 2608 2937 scriptum
2636 2858 2741 2916 est
2775 2849 2965 2942 apud

743 2949 1274 3019 Demosthenem
1312 2972 1383 3041 Ρ
1428 2947 1594 3037 128,
1625 2948 1745 3018 29.
1799 2943 2027 3023 παλαι
2066 2977 2179 3032 τις
2207 2946 2502 3038 ἡδέως
2453 2977 2545 3022 αν
2581 2951 2745 3032 ἴσως
2775 2957 2964 3048 ἐρω-

742 3046 980 3147 τήσων
1031 3045 1377 3148 κάθηται.
1483 3053 1682 3139 Quae
1722 3054 1816 3122 ibi
1856 3054 2169 3122 Bremius
2211 3074 2297 3121 ex
2337 3050 2582 3120 eodem
2634 3054 2965 3147 scriptore

744 3155 1295 3223 commemoravit
1324 3157 1636 3250 exempla
1651 3205 1670 3243 ,
1724 3179 1959 3227 eorum
1986 3157 2125 3225 duo
2154 3155 2467 3224 codicum
2505 3179 2641 3250 ope
2679 3157 2965 3227 liberato.

745 3268 899 3327 sunt
930 3259 1046 3326 illa
1091 3260 1615 3330 constructione:
1671 3260 1757 3329 de
1800 3262 1995 3330 tertio
2026 3260 2245 3329 statim
2282 3257 2526 3334 dicam.
2627 3260 2962 3332 Schaefe-

741 3384 854 3430 rus
899 3385 1035 3431 non
1079 3362 1335 3451 liquere
1384 3363 1512 3431 sibi
1558 3365 1682 3451 ait,
1735 3363 1859 3433 sed
1908 3362 1999 3436 ἄν
2044 3365 2207 3444 ἴσως
2251 3364 2475 3431 iuncta
2516 3385 2600 3432 ex
2633 3366 2964 3456 parallelo

741 3473 958 3557 putat.
1062 3464 1145 3532 ld
1185 3466 1531 3554 quomodo
1579 3468 1729 3535 fieri
1765 3468 2012 3559 possit,
2063 3488 2201 3535 non
2240 3464 2464 3539 video.
2569 3466 2712 3536 Sed
2758 3469 2964 3561 plana

743 3576 848 3635 est
882 3591 1015 3655 res,
1069 3568 1258 3658 quod
1288 3570 1687 3659 simulatque
1727 3571 2168 3663 interpungas
2197 3579 2513 3662 apparett
2564 3563 2793 3643 πάλαι
2827 3598 2957 3652 τις,

741 3666 959 3765 ἡδέως
1009 3669 1101 3741 ἄν
1157 3672 1363 3750 ἴσως,
1434 3666 1810 3769 ἐρωτήσων
1872 3667 2216 3769 κάθηται.
2321 3673 2802 3766 supplendum
2857 3684 2960 3742 est

741 3773 916 3841 enim
951 3773 1236 3868 ἐρωτῶν
1263 3774 1403 3843 sive
1442 3776 1669 3848 τοῦτο
1711 3777 1958 3848 ποιῶν.
2065 3776 2188 3844 llle
2231 3785 2456 3845 autem
2498 3798 2702 3866 quem
2745 3776 2958 3846 modo

742 3874 1053 3945 dicebam
1083 3876 1251 3944 alter
1291 3878 1480 3950 locus
1509 3879 1602 3946 ita
1645 3879 1853 3970 vulgo
1885 3880 2134 3972 leg-itur
2169 3878 2609 3971 p.284.17.
2668 3906 2758 3959 ως
2792 3876 2956 3952 ουδ

741 4004 835 4050 αν
869 3981 944 4050 εἴ
962 4005 1038 4052 τι
1056 3980 1343 4071 γένοιτο
1362 3981 1475 4054 ἔτι
1508 3977 2113 4070 συμπνευσόντων
2137 3979 2229 4054 ἄν
2250 3978 2453 4076 ἤμων
2482 3982 2605 4053 καὶ
2628 4009 2775 4054 των
2807 3985 2957 4080 Θη-

741 4078 996 4169 βαίων.
1080 4082 1466 4150 Alterum
1414 4110 1507 4155 αν
1547 4107 1590 4152 a
1624 4084 1948 4153 Bekkero
1978 4095 2080 4154 est
2114 4083 2318 4156 codd.
2349 4084 2798 4173 quorumdam
2829 4108 2955 4154 uu-

741 4183 1048 4277 ctoritate
1093 4183 1415 4258 deletum.
1517 4187 1623 4254 lta
1649 4198 1833 4256 recte
1865 4211 1937 4257 se
1973 4188 2184 4256 habet
2213 4189 2460 4277 oratio:
2515 4215 2605 4270 ως
2633 4214 2722 4261 ου
2760 4215 2957 4280 συμ-

740 4280 1236 4374 πνευσόντων,
1288 4284 1455 4363 ουδ
1486 4317 1579 4362 αν
1612 4292 1687 4363 εἴ
1722 4318 1797 4363 τι
1836 4293 2157 4382 γένοιτο,
2211 4292 2502 4383 repetito
2543 4290 2738 4360 verbi
2775 4293 2955 4360 aori-

741 4397 869 4478 sto‚
923 4385 1553 4486 συμπνευσάντων.
1623 4396 1844 4463 Recte
1885 4394 2085 4462 etiam
2112 4394 2390 4468 Lucian.
2419 4393 2801 4487 Contempl.
2843 4394 2953 4465 14„

742 4491 830 4561 Τ.
860 4492 914 4561 1.
941 4516 1017 4587 p.
1042 4489 1214 4566 51⁰.
1266 4499 1344 4569 ἐν
1371 4489 1701 4593 τοσούτῳ
1731 4496 1809 4577 δὲ
1834 4499 2311 4595 ἐπαιρέσθων,
2362 4494 2453 4580 οἷς
2481 4497 2573 4571 ἄν
2595 4493 2704 4595 αφ
2725 4493 2743 4515 ’
2769 4495 2951 4596 ὑψη-
