3259 5275
1091 521 1265 586 LIB.
1305 522 1354 586 1.
1447 525 1639 590 cAP.
1681 533 1744 594 8.
2433 542 2528 608 85

313 699 535 772 Multo
564 705 779 776 minus
817 706 1066 780 afferre
1096 711 1396 785 debebat
1435 717 1772 814 Reisig-ius
1804 719 2022 816 Soph.
2055 725 2308 799 Trach.
2343 726 2517 800 672.

615 860 960 936 τοιοῦτον
989 867 1395 992 ἐκβέβηκεν,
1449 870 1609 944 οἷον
1645 871 1738 946 οἶν
1766 869 2060 972 φράσω,

608 970 971 1057 γυναῖκες,
1025 965 1196 1062 ὑμῖν
1224 969 1471 1066 θαῦμ
1503 970 1938 1055 ἀνέλπιστον
1962 989 2259 1075 μαθεῖν.

307 1111 466 1195 Quo
508 1116 719 1185 modo
760 1119 910 1209 quis
958 1143 1282 1213 umquam
1322 1125 1641 1217 loquutus
1688 1132 1839 1202 est?
1911 1135 1994 1205 In
2034 1136 2518 1211 Andromacha

304 1213 646 1310 Euripidis
674 1229 899 1291 autem
925 1247 987 1293 v.
1014 1222 1189 1296 465.

609 1369 953 1451 midd'nov·
1000 1408 1092 1454 αν
1123 1378 1393 1476 δίδυμα

608 1476 849 1577 λέκτρ’
877 1484 1226 1558 ἐπαινέσω
1258 1485 1587 1584 βροτων,

301 1628 589 1802 metffis·
647 1631 883 1702 deberi
925 1646 1217 1730 arguunt
1260 1638 1565 1725 codices,
1613 1665 1751 1712 non
1792 1640 2120 1714 habentes
2157 1669 2311 1716 eam
2350 1670 2518 1742 par-

300 1731 427 1800 ticu

502 1835 651 1905 Sed
678 1836 1039 1911 dicendum
1073 1842 1163 1914 de
1191 1842 1302 1930 τίς
1328 1873 1421 1922 αν
1451 1869 1607 1917 cum
1635 1847 1883 1924 futuro.
1984 1850 2067 1920 In
2097 1850 2335 1947 Eurip.
2360 1853 2513 1996 Iph.
2559 1909 2564 1913 -

300 1937 381 2009 T.
410 1937 587 2010 894.
618 1939 789 2010 haec
815 1944 1162 2037 leguntur.

601 2092 713 2176 τίς
739 2122 832 2168 αν
862 2094 996 2172 οὖν
1025 2093 1202 2174 τάδ’
1227 2097 1321 2174 ἄν
1350 2098 1399 2198 ἢ
1427 2093 1600 2182 &soc
1629 2097 1679 2196 ἢ
1700 2095 2043 2198 βροτὸς”’
1992 2130 2036 2199 η

597 2225 679 2271 τι
708 2199 856 2272 τῶν
879 2196 1292 2325 ἀδοκήτων,

600 2298 882 2397 ἄπορον
910 2299 1142 2400 πόρον
1173 2300 1554 2393 ἐξανύσας,

598 2407 804 2478 δυοῖν
826 2413 988 2480 τοῖν
1017 2414 1282 2502 μονοΐν
1315 2404 1742 2505 Ατρείδαιν
1775 2412 1999 2506 φανεῖ

597 2509 832 2582 κακῶν
860 2511 1188 2586 ἔκλυσιν·
1158 2566 1182 2604 ,

284 2661 628 2756 Reisigius
660 2684 790 2754 pro
811 2686 912 2749 ea,
941 2686 1144 2755 quam
1174 2665 1298 2735 sibi
1324 2664 1487 2735 fecit
1511 2665 1784 2736 notione
1811 2599 2201 2757 particulae,
2228 2689 2299 2760 p.
2331 2666 2509 2746 loo.

285 2764 392 2845 τίς
420 2793 517 2837 αν
564 2772 788 2861 φανεῖ
821 2767 1185 2839 absurdam
1224 2769 1822 2860 interrogationem
1864 2784 2012 2839 esse
2053 2768 2248 2858 dicit,
2300 2771 2508 2841 Scid-

286 2867 567 2958 lemque
618 2869 916 2956 accedit,
983 2900 1077 2945 αν
1136 2873 1228 2942 ad
1284 2872 1713 2965 participium
1773 2865 2114 2954 ἐξανύσας
2167 2875 2504 2952 referenti.

285 2970 617 3040 Nimirum
658 2971 913 3042 factum
954 2985 1060 3043 est
1097 2975 1169 3045 id
1213 2976 1460 3070 eodem
1505 2975 1751 3062 modo,
1803 2996 1942 3064 quo
1984 2998 2190 3067 supra
2218 2978 2504 3049 vidimus

288 3094 481 3142 usum
509 3075 1024 3171 Thucydidem,
1076 3079 1234 3170 quia
1266 3080 1334 3148 in
1376 3087 1601 3155 mente
1636 3077 1937 3145 habebat
1961 3086 2205 3169 poeta,
2256 3079 2367 3162 τίς
2406 3081 2500 3155 ἄν

290 3172 419 3249 οὖν
444 3172 626 3251 ’τάδ’
654 3177 747 3251 ἄν
777 3175 1216 3262 ἐξανύσειενς
1265 3182 1390 3250 Illa
1419 3183 1488 3250 in
1515 3181 1839 3275 opinione
1872 3180 2132 3250 defixus
2158 3183 2500 3278 Reisig-ius

291 3280 472 3372 apud
500 3280 943 3353 Theocritum
972 3284 1253 3355 XXVII.
1284 3283 1406 3357 38.
1434 3307 1603 3378 pro,

941 3435 1109 3511 τίνα
1136 3464 1296 3522 κεν,
1347 3436 1517 3513 τίνα
1540 3434 1796 3532 μῦθον
1824 3432 2090 3531 ἐνίψω,

290 3583 508 3656 Scribi
532 3588 721 3658 iubet
748 3587 918 3663 τίνα
965 3589 1105 3665 καί.
1206 3591 1303 3661 At
1330 3614 1467 3661 non
1493 3590 1712 3684 magis
1743 3576 2040 3658 absurda
2076 3598 2179 3658 est
2206 3590 2353 3660 talis
2387 3592 2495 3661 in-

288 3692 652 3784 terrogatio
666 3743 687 3778 ‚
739 3717 943 3784 quam
975 3718 1186 3785 quum
1213 3718 1336 3764 nos
1363 3717 1519 3766 wer
1541 3693 1735 3765 wohl
1765 3694 1876 3762 vel
1907 3715 2062 3761 wer
2088 3702 2281 3766 etwa
2323 3696 2497 3765 dici-
2587 3752 2595 3777 ,

284 3814 448 3863 mus.
550 3794 633 3864 In
661 3796 898 3890 Eurip.
929 3798 1185 3868 Bacch.
1218 3797 1394 3871 639.
1420 3797 1801 3867 Brunckius
1831 3820 1873 3867 e
1904 3795 2058 3866 cod.
2087 3795 2176 3868 E.

936 3950 1016 4026 τί
1056 3979 1202 4026 ποτ
1219 3948 1238 3970 ’
1266 3950 1359 4026 ἄν
1390 3955 1465 4025 ἐκ
1491 3942 1778 4026 τούτων
1805 3950 1994 4048 ἐρεῖς

279 4101 508 4187 Quem
549 4126 691 4174 non
735 4103 1049 4192 dixerim,
1098 4115 1177 4175 ut
1219 4105 1608 4192 Elmsleiu3‚
1658 4126 1801 4172 non
1837 4102 2055 4197 mag-is
2086 4102 2383 4198 potuisse
2423 4103 2492 4172 in

276 4207 529 4275 tantula
559 4229 638 4277 re
686 4230 930 4278 errare.
1033 4211 1214 4279 Nam
1256 4217 1480 4303 potest
1524 4207 1597 4276 id
1648 4208 1744 4276 sic
1782 4206 2138 4298 explicari,
2188 4206 2267 4282 τί
2315 4202 2491 4279 πὸτ’

278 4336 369 4380 αν
404 4312 552 4407 εἴη,
606 4309 654 4384 ὃ
681 4315 758 4385 ἐκ
785 4307 1070 4386 τούτων
1103 4317 1291 4410 ἐρεῖς
1339 4311 1473 4381 Alii
1501 4307 1735 4379 libri*
1683 4337 1805 4435 αρ
1790 4306 2115 4380 ’habent
2199 4308 2494 4377 Aeschi-

275 4431 391 4479 nes
414 4413 485 4482 in
514 4413 825 4506 ctesiph.
862 4410 934 4510 §.
953 4412 1123 4486 155.
1151 4440 1224 4510 p.
1253 4414 1427 4485 542.
1453 4412 1687 4484 Reisk.
1712 4405 1888 4487 τότε
1916 4414 2054 4508 μὲν
2083 4407 2300 4486 ταῦτ’
2328 4402 2492 4506 ἔκη’-

277 4537 574 4610 emur,
653 4512 822 4594 ἀλλ’
865 4513 956 4593 ov’
1010 4520 1185 4608 νῦν,
1252 4510 1439 4595 ἄλλα
1484 4510 2137 4617 παραστησάμενος
2179 4539 2316 4588 τον
2362 4514 2491 4607 τῆς

1918 4631 2076 4705 02
