<?xml version="1.0" encoding="UTF-8"?>
<!DOCTYPE html PUBLIC "-//W3C//DTD XHTML 1.0 Transitional//EN"
    "http://www.w3.org/TR/xhtml1/DTD/xhtml1-transitional.dtd">
<html xmlns="http://www.w3.org/1999/xhtml" xml:lang="en" lang="en">
 <head>
  <title>
</title>
<meta http-equiv="Content-Type" content="text/html;charset=utf-8" />
  <meta name='ocr-system' content='tesseract 3.04.00' />
  <meta name='ocr-capabilities' content='ocr_page ocr_carea ocr_par ocr_line ocrx_word'/>
</head>
<body>
  <div class='ocr_page' id='page_1' title='image "./godofrediherman03fritgoog_0092.png"; bbox 0 0 3259 5275; ppageno 0'>
   <div class='ocr_carea' id='block_1_1' title="bbox 726 471 2289 542">
    <p class='ocr_par' dir='ltr' id='par_1_1' title="bbox 726 471 2289 542">
     <span class='ocr_line' id='line_1_1' title="bbox 726 471 2289 542; baseline 0.005 -10"><span class='ocrx_word' id='word_1_1' title='bbox 726 477 815 542; x_wconf 65' lang='grc'><strong>18</strong></span> <span class='ocrx_word' id='word_1_2' title='bbox 1419 475 1533 537; x_wconf 80' lang='lat' dir='ltr'><strong>DE</strong></span> <span class='ocrx_word' id='word_1_3' title='bbox 1604 475 2152 539; x_wconf 76' lang='lat' dir='ltr'>PARTICVLA</span> <span class='ocrx_word' id='word_1_4' title='bbox 2194 471 2289 540; x_wconf 73' lang='grc' dir='ltr'><strong>ἄν</strong></span> 
     </span>
    </p>
   </div>
   <div class='ocr_carea' id='block_1_2' title="bbox 650 667 2954 1175">
    <p class='ocr_par' dir='ltr' id='par_1_2' title="bbox 650 667 2954 1175">
     <span class='ocr_line' id='line_1_2' title="bbox 726 667 2953 761; baseline 0.001 -26"><span class='ocrx_word' id='word_1_5' title='bbox 726 687 1309 760; x_wconf 87' lang='lat' dir='ltr'><strong>quorumcumque</strong></span> <span class='ocrx_word' id='word_1_6' title='bbox 1345 676 1733 761; x_wconf 83' lang='lat' dir='ltr'><strong>temporum</strong></span> <span class='ocrx_word' id='word_1_7' title='bbox 1779 667 1910 737; x_wconf 86' lang='lat' dir='ltr'><strong>sint</strong></span> <span class='ocrx_word' id='word_1_8' title='bbox 1925 719 1946 755; x_wconf 87' lang='lat'>,</span> <span class='ocrx_word' id='word_1_9' title='bbox 2009 677 2236 737; x_wconf 89' lang='lat' dir='ltr'><strong>tamen</strong></span> <span class='ocrx_word' id='word_1_10' title='bbox 2295 676 2555 737; x_wconf 91' lang='lat' dir='ltr'><strong>certum</strong></span> <span class='ocrx_word' id='word_1_11' title='bbox 2602 669 2953 760; x_wconf 83' lang='lat' dir='ltr'><strong>quoddam</strong></span> 
     </span>
     <span class='ocr_line' id='line_1_3' title="bbox 724 770 2954 868; baseline 0.002 -28"><span class='ocrx_word' id='word_1_12' title='bbox 724 782 999 863; x_wconf 85' lang='lat' dir='ltr'><strong>tempus</strong></span> <span class='ocrx_word' id='word_1_13' title='bbox 1050 770 1174 838; x_wconf 90' lang='lat' dir='ltr'><strong>sibi</strong></span> <span class='ocrx_word' id='word_1_14' title='bbox 1228 773 1591 863; x_wconf 89' lang='lat' dir='ltr'><strong>proprium</strong></span> <span class='ocrx_word' id='word_1_15' title='bbox 1639 772 1968 858; x_wconf 85' lang='lat' dir='ltr'><strong>habeant,</strong></span> <span class='ocrx_word' id='word_1_16' title='bbox 2023 795 2104 840; x_wconf 89' lang='lat' dir='ltr'><strong>ac</strong></span> <span class='ocrx_word' id='word_1_17' title='bbox 2149 782 2522 868; x_wconf 86' lang='lat' dir='ltr'><strong>propterea</strong></span> <span class='ocrx_word' id='word_1_18' title='bbox 2560 773 2954 865; x_wconf 87' lang='lat' dir='ltr'><strong>saepissime</strong></span> 
     </span>
     <span class='ocr_line' id='line_1_4' title="bbox 650 875 2953 970; baseline 0 -25"><span class='ocrx_word' id='word_1_19' title='bbox 650 911 651 922; x_wconf 24' lang='grc' dir='ltr'>ι</span> <span class='ocrx_word' id='word_1_20' title='bbox 725 877 995 945; x_wconf 89' lang='lat' dir='ltr'><strong>illorum</strong></span> <span class='ocrx_word' id='word_1_21' title='bbox 1034 883 1456 966; x_wconf 86' lang='lat' dir='ltr'><strong>temporum,</strong></span> <span class='ocrx_word' id='word_1_22' title='bbox 1508 899 1799 968; x_wconf 90' lang='lat' dir='ltr'><strong>quorum</strong></span> <span class='ocrx_word' id='word_1_23' title='bbox 1835 875 2024 942; x_wconf 87' lang='lat' dir='ltr'><strong>modi</strong></span> <span class='ocrx_word' id='word_1_24' title='bbox 2063 885 2254 958; x_wconf 83' lang='lat' dir='ltr'><strong>sunt,</strong></span> <span class='ocrx_word' id='word_1_25' title='bbox 2304 876 2694 968; x_wconf 88' lang='lat' dir='ltr'><strong>primariam</strong></span> <span class='ocrx_word' id='word_1_26' title='bbox 2741 878 2953 970; x_wconf 80' lang='lat' dir='ltr'><strong>signi—</strong></span> 
     </span>
     <span class='ocr_line' id='line_1_5' title="bbox 725 979 2950 1073; baseline 0 -26"><span class='ocrx_word' id='word_1_27' title='bbox 725 979 1110 1047; x_wconf 88' lang='lat' dir='ltr'><strong>ficationem</strong></span> <span class='ocrx_word' id='word_1_28' title='bbox 1137 980 1460 1053; x_wconf 85' lang='lat' dir='ltr'><strong>amittant.</strong></span> <span class='ocrx_word' id='word_1_29' title='bbox 1564 981 1661 1048; x_wconf 91' lang='lat' dir='ltr'><strong>Et</strong></span> <span class='ocrx_word' id='word_1_30' title='bbox 1701 979 2121 1048; x_wconf 84' lang='lat' dir='ltr'><strong>coniunctivo</strong></span> <span class='ocrx_word' id='word_1_31' title='bbox 2150 980 2429 1069; x_wconf 86' lang='lat' dir='ltr'><strong>quidem</strong></span> <span class='ocrx_word' id='word_1_32' title='bbox 2457 980 2712 1071; x_wconf 90' lang='lat' dir='ltr'><strong>ubique</strong></span> <span class='ocrx_word' id='word_1_33' title='bbox 2739 981 2950 1073; x_wconf 85' lang='lat' dir='ltr'><strong>signi-</strong></span> 
     </span>
     <span class='ocr_line' id='line_1_6' title="bbox 724 1082 2952 1175; baseline -0 -23"><span class='ocrx_word' id='word_1_34' title='bbox 724 1083 951 1152; x_wconf 82' lang='lat' dir='ltr'><strong>ficatio</strong></span> <span class='ocrx_word' id='word_1_35' title='bbox 995 1082 1322 1152; x_wconf 76' lang='lat' dir='ltr'><strong>adhaeret</strong></span> <span class='ocrx_word' id='word_1_36' title='bbox 1362 1084 1584 1152; x_wconf 86' lang='lat' dir='ltr'><strong>futuri.</strong></span> <span class='ocrx_word' id='word_1_37' title='bbox 1688 1085 1868 1151; x_wconf 83' lang='lat' dir='ltr'><strong>Nam</strong></span> <span class='ocrx_word' id='word_1_38' title='bbox 1910 1083 2161 1152; x_wconf 85' lang='lat' dir='ltr'><strong>indicat</strong></span> <span class='ocrx_word' id='word_1_39' title='bbox 2201 1084 2314 1152; x_wconf 90' lang='lat' dir='ltr'><strong>ille</strong></span> <span class='ocrx_word' id='word_1_40' title='bbox 2341 1083 2618 1175; x_wconf 89' lang='lat' dir='ltr'><strong>quidem</strong></span> <span class='ocrx_word' id='word_1_41' title='bbox 2645 1085 2795 1153; x_wconf 87' lang='lat' dir='ltr'><strong>fieri</strong></span> <span class='ocrx_word' id='word_1_42' title='bbox 2824 1084 2952 1152; x_wconf 87' lang='lat' dir='ltr'><strong>ali-</strong></span> 
     </span>
    </p>
   </div>
   <div class='ocr_carea' id='block_1_3' title="bbox 613 1185 2953 1280">
    <p class='ocr_par' dir='ltr' id='par_1_3' title="bbox 613 1185 2953 1280">
     <span class='ocr_line' id='line_1_7' title="bbox 613 1185 2953 1280; baseline 0 -25"><span class='ocrx_word' id='word_1_43' title='bbox 613 1189 618 1202; x_wconf 88' lang='lat'>&#39;</span> <span class='ocrx_word' id='word_1_44' title='bbox 725 1187 923 1275; x_wconf 88' lang='lat' dir='ltr'><strong>quid,</strong></span> <span class='ocrx_word' id='word_1_45' title='bbox 975 1185 1316 1256; x_wconf 80' lang='lat' dir='ltr'><strong>factumve</strong></span> <span class='ocrx_word' id='word_1_46' title='bbox 1343 1209 1525 1272; x_wconf 87' lang='lat' dir='ltr'><strong>esse,</strong></span> <span class='ocrx_word' id='word_1_47' title='bbox 1577 1186 1702 1256; x_wconf 88' lang='lat' dir='ltr'><strong>sed</strong></span> <span class='ocrx_word' id='word_1_48' title='bbox 1727 1187 1820 1255; x_wconf 86' lang='lat' dir='ltr'><strong>ita</strong></span> <span class='ocrx_word' id='word_1_49' title='bbox 1859 1185 2143 1274; x_wconf 87' lang='lat' dir='ltr'><strong>indicat,</strong></span> <span class='ocrx_word' id='word_1_50' title='bbox 2193 1197 2271 1256; x_wconf 97' lang='grc' dir='ltr'><strong>ιιι</strong></span> <span class='ocrx_word' id='word_1_51' title='bbox 2302 1189 2682 1280; x_wconf 83' lang='lat' dir='ltr'><strong>exspectari</strong></span> <span class='ocrx_word' id='word_1_52' title='bbox 2709 1198 2953 1280; x_wconf 86' lang='lat' dir='ltr'><strong>postu-</strong></span> 
     </span>
    </p>
   </div>
   <div class='ocr_carea' id='block_1_4' title="bbox 635 1288 2952 4590">
    <p class='ocr_par' dir='ltr' id='par_1_4' title="bbox 715 1288 2952 2836">
     <span class='ocr_line' id='line_1_8' title="bbox 724 1288 2952 1382; baseline 0.002 -26"><span class='ocrx_word' id='word_1_53' title='bbox 724 1291 850 1377; x_wconf 86' lang='lat' dir='ltr'><strong>let,</strong></span> <span class='ocrx_word' id='word_1_54' title='bbox 896 1288 1116 1358; x_wconf 88' lang='lat' dir='ltr'><strong>donec</strong></span> <span class='ocrx_word' id='word_1_55' title='bbox 1144 1291 1556 1382; x_wconf 77' lang='lat' dir='ltr'><strong>experientia</strong></span> <span class='ocrx_word' id='word_1_56' title='bbox 1579 1314 1728 1360; x_wconf 88' lang='lat' dir='ltr'><strong>rem</strong></span> <span class='ocrx_word' id='word_1_57' title='bbox 1766 1291 2189 1382; x_wconf 88' lang='lat' dir='ltr'><strong>comprobet.</strong></span> <span class='ocrx_word' id='word_1_58' title='bbox 2296 1291 2507 1377; x_wconf 79' lang='lat' dir='ltr'><strong>Quod</strong></span> <span class='ocrx_word' id='word_1_59' title='bbox 2544 1300 2770 1360; x_wconf 91' lang='lat' dir='ltr'><strong>autem</strong></span> <span class='ocrx_word' id='word_1_60' title='bbox 2810 1313 2952 1360; x_wconf 89' lang='lat' dir='ltr'><strong>non</strong></span> 
     </span>
     <span class='ocr_line' id='line_1_9' title="bbox 724 1393 2951 1488; baseline 0.002 -28"><span class='ocrx_word' id='word_1_61' title='bbox 724 1394 913 1461; x_wconf 90' lang='lat' dir='ltr'><strong>aliter</strong></span> <span class='ocrx_word' id='word_1_62' title='bbox 938 1393 1087 1461; x_wconf 87' lang='lat' dir='ltr'><strong>fieri</strong></span> <span class='ocrx_word' id='word_1_63' title='bbox 1112 1395 1522 1463; x_wconf 89' lang='lat' dir='ltr'><strong>censendum</strong></span> <span class='ocrx_word' id='word_1_64' title='bbox 1558 1404 1694 1485; x_wconf 85' lang='lat' dir='ltr'><strong>est,</strong></span> <span class='ocrx_word' id='word_1_65' title='bbox 1750 1413 1956 1485; x_wconf 89' lang='lat' dir='ltr'><strong>quam</strong></span> <span class='ocrx_word' id='word_1_66' title='bbox 1983 1417 2192 1486; x_wconf 89' lang='lat' dir='ltr'><strong>quum</strong></span> <span class='ocrx_word' id='word_1_67' title='bbox 2217 1395 2367 1463; x_wconf 87' lang='lat' dir='ltr'><strong>fieri</strong></span> <span class='ocrx_word' id='word_1_68' title='bbox 2397 1396 2822 1488; x_wconf 80' lang='lat' dir='ltr'><strong>cognoveris,</strong></span> <span class='ocrx_word' id='word_1_69' title='bbox 2873 1394 2951 1464; x_wconf 86' lang='lat' dir='ltr'><strong>id</strong></span> 
     </span>
     <span class='ocr_line' id='line_1_10' title="bbox 721 1495 2947 1591; baseline 0.001 -26"><span class='ocrx_word' id='word_1_70' title='bbox 721 1519 939 1587; x_wconf 88' lang='lat' dir='ltr'><strong>usque</strong></span> <span class='ocrx_word' id='word_1_71' title='bbox 993 1495 1159 1565; x_wconf 91' lang='lat' dir='ltr'><strong>dum</strong></span> <span class='ocrx_word' id='word_1_72' title='bbox 1198 1500 1572 1591; x_wconf 88' lang='lat' dir='ltr'><strong>cognovisti</strong></span> <span class='ocrx_word' id='word_1_73' title='bbox 1587 1547 1609 1585; x_wconf 88' lang='lat'><strong>‚</strong></span> <span class='ocrx_word' id='word_1_74' title='bbox 1662 1498 1963 1567; x_wconf 89' lang='lat' dir='ltr'><strong>nondum</strong></span> <span class='ocrx_word' id='word_1_75' title='bbox 2005 1520 2140 1589; x_wconf 88' lang='lat' dir='ltr'><strong>pro</strong></span> <span class='ocrx_word' id='word_1_76' title='bbox 2185 1498 2367 1567; x_wconf 84' lang='lat' dir='ltr'><strong>facto</strong></span> <span class='ocrx_word' id='word_1_77' title='bbox 2417 1499 2658 1567; x_wconf 85' lang='lat' dir='ltr'><strong>haberi</strong></span> <span class='ocrx_word' id='word_1_78' title='bbox 2697 1507 2947 1591; x_wconf 84' lang='lat' dir='ltr'><strong>potest.</strong></span> 
     </span>
     <span class='ocr_line' id='line_1_11' title="bbox 721 1599 2949 1700; baseline 0.002 -33"><span class='ocrx_word' id='word_1_79' title='bbox 721 1599 826 1668; x_wconf 87' lang='lat' dir='ltr'><strong>lta</strong></span> <span class='ocrx_word' id='word_1_80' title='bbox 878 1601 1176 1692; x_wconf 85' lang='lat' dir='ltr'><strong>exempli</strong></span> <span class='ocrx_word' id='word_1_81' title='bbox 1227 1625 1459 1671; x_wconf 79' lang='lat' dir='ltr'>caussa</span> <span class='ocrx_word' id='word_1_82' title='bbox 1507 1604 1837 1700; x_wconf 70' lang='grc' dir='ltr'>γένηται,</span> <span class='ocrx_word' id='word_1_83' title='bbox 1910 1602 2032 1670; x_wconf 85' lang='lat' dir='ltr'><strong>etsi</strong></span> <span class='ocrx_word' id='word_1_84' title='bbox 2081 1610 2184 1671; x_wconf 87' lang='lat' dir='ltr'><strong>est</strong></span> <span class='ocrx_word' id='word_1_85' title='bbox 2237 1603 2578 1695; x_wconf 86' lang='lat' dir='ltr'><strong>praeteriti</strong></span> <span class='ocrx_word' id='word_1_86' title='bbox 2622 1601 2949 1695; x_wconf 81' lang='lat' dir='ltr'><strong>temporis</strong></span> 
     </span>
     <span class='ocr_line' id='line_1_12' title="bbox 722 1704 2949 1796; baseline 0.001 -25"><span class='ocrx_word' id='word_1_87' title='bbox 722 1704 1218 1792; x_wconf 86' lang='lat' dir='ltr'><strong>coniunctivus‚</strong></span> <span class='ocrx_word' id='word_1_88' title='bbox 1267 1715 1494 1774; x_wconf 89' lang='lat' dir='ltr'><strong>tamen</strong></span> <span class='ocrx_word' id='word_1_89' title='bbox 1512 1758 1533 1795; x_wconf 83' lang='lat'>‚</span> <span class='ocrx_word' id='word_1_90' title='bbox 1586 1706 1746 1796; x_wconf 92' lang='lat' dir='ltr'><strong>quia</strong></span> <span class='ocrx_word' id='word_1_91' title='bbox 1794 1705 2249 1774; x_wconf 90' lang='lat' dir='ltr'><strong>coniunctivus</strong></span> <span class='ocrx_word' id='word_1_92' title='bbox 2292 1714 2429 1793; x_wconf 86' lang='lat' dir='ltr'><strong>est,</strong></span> <span class='ocrx_word' id='word_1_93' title='bbox 2496 1706 2703 1774; x_wconf 81' lang='lat' dir='ltr'><strong>futuri</strong></span> <span class='ocrx_word' id='word_1_94' title='bbox 2768 1715 2949 1774; x_wconf 89' lang='lat' dir='ltr'><strong>tem-</strong></span> 
     </span>
     <span class='ocr_line' id='line_1_13' title="bbox 717 1807 2948 1902; baseline 0 -27"><span class='ocrx_word' id='word_1_95' title='bbox 717 1808 925 1898; x_wconf 76' lang='lat' dir='ltr'><strong>poris·</strong></span> <span class='ocrx_word' id='word_1_96' title='bbox 954 1808 1250 1898; x_wconf 90' lang='lat' dir='ltr'><strong>aliquam</strong></span> <span class='ocrx_word' id='word_1_97' title='bbox 1264 1808 1836 1902; x_wconf 51' lang='lat' dir='ltr'><strong>*significationem</strong></span> <span class='ocrx_word' id='word_1_98' title='bbox 1869 1807 2110 1896; x_wconf 82' lang='lat' dir='ltr'><strong>habet,</strong></span> <span class='ocrx_word' id='word_1_99' title='bbox 2164 1819 2233 1878; x_wconf 92' lang='lat' dir='ltr'><strong>et</strong></span> <span class='ocrx_word' id='word_1_100' title='bbox 2269 1809 2545 1899; x_wconf 86' lang='lat' dir='ltr'><strong>quidem</strong></span> <span class='ocrx_word' id='word_1_101' title='bbox 2584 1809 2792 1878; x_wconf 81' lang='lat' dir='ltr'><strong>futuri</strong></span> <span class='ocrx_word' id='word_1_102' title='bbox 2823 1831 2948 1877; x_wconf 85' lang='lat' dir='ltr'><strong>ex-</strong></span> 
     </span>
     <span class='ocr_line' id='line_1_14' title="bbox 720 1910 2949 2000; baseline 0.001 -22"><span class='ocrx_word' id='word_1_103' title='bbox 720 1910 876 1983; x_wconf 83' lang='lat' dir='ltr'><strong>acti.</strong></span> <span class='ocrx_word' id='word_1_104' title='bbox 984 1911 1327 1996; x_wconf 81' lang='lat' dir='ltr'><strong>Quoniam</strong></span> <span class='ocrx_word' id='word_1_105' title='bbox 1368 1912 1547 1981; x_wconf 89' lang='lat' dir='ltr'><strong>enim</strong></span> <span class='ocrx_word' id='word_1_106' title='bbox 1578 1911 1669 1979; x_wconf 88' lang='lat' dir='ltr'><strong>ad</strong></span> <span class='ocrx_word' id='word_1_107' title='bbox 1709 1934 1855 1980; x_wconf 91' lang='lat' dir='ltr'><strong>rem</strong></span> <span class='ocrx_word' id='word_1_108' title='bbox 1878 1912 2205 2000; x_wconf 85' lang='lat' dir='ltr'><strong>refertur,</strong></span> <span class='ocrx_word' id='word_1_109' title='bbox 2258 1913 2442 1981; x_wconf 90' lang='lat' dir='ltr'><strong>cuius</strong></span> <span class='ocrx_word' id='word_1_110' title='bbox 2482 1914 2723 1981; x_wconf 85' lang='lat' dir='ltr'><strong>veritas</strong></span> <span class='ocrx_word' id='word_1_111' title='bbox 2761 1912 2949 1981; x_wconf 84' lang='lat' dir='ltr'><strong>facto</strong></span> 
     </span>
     <span class='ocr_line' id='line_1_15' title="bbox 721 2015 2949 2106; baseline 0.001 -23"><span class='ocrx_word' id='word_1_112' title='bbox 721 2015 1196 2106; x_wconf 87' lang='lat' dir='ltr'><strong>cognoscenda</strong></span> <span class='ocrx_word' id='word_1_113' title='bbox 1229 2016 1345 2105; x_wconf 88' lang='lat' dir='ltr'><strong>sit,</strong></span> <span class='ocrx_word' id='word_1_114' title='bbox 1396 2015 1564 2084; x_wconf 88' lang='lat' dir='ltr'><strong>illud</strong></span> <span class='ocrx_word' id='word_1_115' title='bbox 1593 2015 1783 2106; x_wconf 92' lang='lat' dir='ltr'><strong>quod</strong></span> <span class='ocrx_word' id='word_1_116' title='bbox 1821 2037 1907 2085; x_wconf 81' lang='lat' dir='ltr'><strong>ex</strong></span> <span class='ocrx_word' id='word_1_117' title='bbox 1946 2039 2029 2084; x_wconf 84' lang='lat' dir='ltr'><strong>ea</strong></span> <span class='ocrx_word' id='word_1_118' title='bbox 2054 2039 2130 2084; x_wconf 89' lang='lat' dir='ltr'><strong>re</strong></span> <span class='ocrx_word' id='word_1_119' title='bbox 2159 2025 2237 2083; x_wconf 90' lang='lat' dir='ltr'><strong>ut</strong></span> <span class='ocrx_word' id='word_1_120' title='bbox 2282 2039 2367 2085; x_wconf 85' lang='lat' dir='ltr'><strong>ex</strong></span> <span class='ocrx_word' id='word_1_121' title='bbox 2400 2016 2785 2085; x_wconf 88' lang='lat' dir='ltr'><strong>conditione</strong></span> <span class='ocrx_word' id='word_1_122' title='bbox 2824 2039 2949 2085; x_wconf 83' lang='lat' dir='ltr'><strong>sua</strong></span> 
     </span>
     <span class='ocr_line' id='line_1_16' title="bbox 718 2117 2948 2212; baseline 0.002 -27"><span class='ocrx_word' id='word_1_123' title='bbox 718 2117 1037 2211; x_wconf 88' lang='lat' dir='ltr'><strong>pendet,·</strong></span> <span class='ocrx_word' id='word_1_124' title='bbox 1074 2142 1212 2188; x_wconf 88' lang='lat' dir='ltr'><strong>non</strong></span> <span class='ocrx_word' id='word_1_125' title='bbox 1241 2119 1436 2188; x_wconf 88' lang='lat' dir='ltr'><strong>aliter</strong></span> <span class='ocrx_word' id='word_1_126' title='bbox 1468 2130 1688 2188; x_wconf 87' lang='lat' dir='ltr'><strong>ratum</strong></span> <span class='ocrx_word' id='word_1_127' title='bbox 1728 2120 1889 2204; x_wconf 86' lang='lat' dir='ltr'><strong>erit,</strong></span> <span class='ocrx_word' id='word_1_128' title='bbox 1942 2143 2146 2209; x_wconf 86' lang='lat' dir='ltr'><strong>quam</strong></span> <span class='ocrx_word' id='word_1_129' title='bbox 2180 2121 2453 2212; x_wconf 89' lang='lat' dir='ltr'><strong>cognita</strong></span> <span class='ocrx_word' id='word_1_130' title='bbox 2491 2120 2628 2188; x_wconf 88' lang='lat' dir='ltr'><strong>iam</strong></span> <span class='ocrx_word' id='word_1_131' title='bbox 2667 2120 2948 2189; x_wconf 84' lang='lat' dir='ltr'><strong>veritate</strong></span> 
     </span>
     <span class='ocr_line' id='line_1_17' title="bbox 718 2217 2948 2347; baseline 0.002 -57"><span class='ocrx_word' id='word_1_132' title='bbox 718 2223 817 2290; x_wconf 83' lang='lat' dir='ltr'><strong>rei</strong></span> <span class='ocrx_word' id='word_1_133' title='bbox 851 2222 1102 2347; x_wconf 65' lang='lat' dir='ltr'><strong>istiuS,m</strong></span> <span class='ocrx_word' id='word_1_134' title='bbox 1127 2243 1212 2292; x_wconf 82' lang='lat' dir='ltr'><strong>ex</strong></span> <span class='ocrx_word' id='word_1_135' title='bbox 1243 2246 1377 2314; x_wconf 88' lang='lat' dir='ltr'><strong>qua</strong></span> <span class='ocrx_word' id='word_1_136' title='bbox 1404 2223 1698 2316; x_wconf 84' lang='lat' dir='ltr'><strong>pendet:</strong></span> <span class='ocrx_word' id='word_1_137' title='bbox 1748 2245 1813 2291; x_wconf 88' lang='lat' dir='ltr'><strong>v.</strong></span> <span class='ocrx_word' id='word_1_138' title='bbox 1844 2246 1903 2292; x_wconf 87' lang='lat' dir='ltr'><strong>c.</strong></span> <span class='ocrx_word' id='word_1_139' title='bbox 1941 2217 2163 2295; x_wconf 79' lang='grc' dir='ltr'><strong><em>καλόν</em></strong></span> <span class='ocrx_word' id='word_1_140' title='bbox 2190 2249 2312 2296; x_wconf 80' lang='grc' dir='ltr'>τοι</span> <span class='ocrx_word' id='word_1_141' title='bbox 2342 2219 2604 2344; x_wconf 61' lang='lat' dir='ltr'><strong>yioioo’</strong></span> <span class='ocrx_word' id='word_1_142' title='bbox 2635 2220 2782 2317; x_wconf 78' lang='grc' dir='ltr'><strong>ὅτῳ</strong></span> <span class='ocrx_word' id='word_1_143' title='bbox 2815 2221 2948 2295; x_wconf 78' lang='grc' dir='ltr'><strong>πί-</strong></span> 
     </span>
     <span class='ocr_line' id='line_1_18' title="bbox 721 2324 2945 2423; baseline -0.001 -25"><span class='ocrx_word' id='word_1_144' title='bbox 721 2351 876 2405; x_wconf 83' lang='grc' dir='ltr'>στις</span> <span class='ocrx_word' id='word_1_145' title='bbox 902 2326 1137 2423; x_wconf 70' lang='grc' dir='ltr'><strong><em>παρῇε</em></strong></span> <span class='ocrx_word' id='word_1_146' title='bbox 1192 2324 1387 2397; x_wconf 79' lang='lat' dir='ltr'><strong>bona</strong></span> <span class='ocrx_word' id='word_1_147' title='bbox 1420 2335 1532 2396; x_wconf 77' lang='lat' dir='ltr'><strong>est</strong></span> <span class='ocrx_word' id='word_1_148' title='bbox 1563 2326 1864 2395; x_wconf 77' lang='lat' dir='ltr'><strong>dicendi</strong></span> <span class='ocrx_word' id='word_1_149' title='bbox 1881 2325 2278 2419; x_wconf 80' lang='lat' dir='ltr'><strong>facultas,</strong></span> <span class='ocrx_word' id='word_1_150' title='bbox 2330 2326 2397 2395; x_wconf 85' lang='grc' dir='ltr'><strong>3ἱ</strong></span> <span class='ocrx_word' id='word_1_151' title='bbox 2427 2326 2544 2394; x_wconf 79' lang='lat' dir='ltr'><strong>cui</strong></span> <span class='ocrx_word' id='word_1_152' title='bbox 2570 2325 2790 2422; x_wconf 81' lang='lat' dir='ltr'><strong>fides</strong></span> <span class='ocrx_word' id='word_1_153' title='bbox 2827 2327 2945 2415; x_wconf 77' lang='lat' dir='ltr'><strong>sit,</strong></span> 
     </span>
     <span class='ocr_line' id='line_1_19' title="bbox 718 2429 2946 2523; baseline 0.002 -27"><span class='ocrx_word' id='word_1_154' title='bbox 718 2430 762 2500; x_wconf 88' lang='lat' dir='ltr'><strong>i.</strong></span> <span class='ocrx_word' id='word_1_155' title='bbox 798 2451 854 2496; x_wconf 91' lang='lat' dir='ltr'><strong>e.</strong></span> <span class='ocrx_word' id='word_1_156' title='bbox 885 2439 963 2497; x_wconf 93' lang='lat' dir='ltr'><strong>ut</strong></span> <span class='ocrx_word' id='word_1_157' title='bbox 984 2430 1375 2522; x_wconf 80' lang='lat' dir='ltr'><strong>explicatius</strong></span> <span class='ocrx_word' id='word_1_158' title='bbox 1419 2430 1661 2518; x_wconf 87' lang='lat' dir='ltr'><strong>dicam,</strong></span> <span class='ocrx_word' id='word_1_159' title='bbox 1708 2430 2106 2499; x_wconf 79' lang='lat' dir='ltr'><strong>laudanda</strong></span> <span class='ocrx_word' id='word_1_160' title='bbox 2139 2429 2251 2499; x_wconf 74' lang='lat' dir='ltr'><strong>est</strong></span> <span class='ocrx_word' id='word_1_161' title='bbox 2279 2430 2578 2498; x_wconf 78' lang='lat' dir='ltr'><strong>dicendi</strong></span> <span class='ocrx_word' id='word_1_162' title='bbox 2589 2429 2946 2523; x_wconf 74' lang='lat' dir='ltr'><strong><em>facultas</em></strong></span> 
     </span>
     <span class='ocr_line' id='line_1_20' title="bbox 718 2531 2945 2628; baseline 0 -28"><span class='ocrx_word' id='word_1_163' title='bbox 718 2532 794 2600; x_wconf 75' lang='lat' dir='ltr'><strong>in</strong></span> <span class='ocrx_word' id='word_1_164' title='bbox 826 2554 933 2622; x_wconf 85' lang='lat' dir='ltr'><strong>eo,</strong></span> <span class='ocrx_word' id='word_1_165' title='bbox 986 2532 1060 2600; x_wconf 72' lang='lat' dir='ltr'><strong>in</strong></span> <span class='ocrx_word' id='word_1_166' title='bbox 1090 2531 1488 2628; x_wconf 79' lang='lat' dir='ltr'><strong>quofidem</strong></span> <span class='ocrx_word' id='word_1_167' title='bbox 1524 2556 1680 2603; x_wconf 83' lang='grc' dir='ltr'><strong>ε33ε</strong></span> <span class='ocrx_word' id='word_1_168' title='bbox 1708 2534 2095 2627; x_wconf 79' lang='lat' dir='ltr'><strong>repereris.</strong></span> <span class='ocrx_word' id='word_1_169' title='bbox 2202 2532 2316 2601; x_wconf 90' lang='lat' dir='ltr'><strong>Sic</strong></span> <span class='ocrx_word' id='word_1_170' title='bbox 2351 2535 2554 2601; x_wconf 83' lang='lat' dir='ltr'><strong>etiam</strong></span> <span class='ocrx_word' id='word_1_171' title='bbox 2593 2556 2747 2601; x_wconf 91' lang='lat' dir='ltr'><strong>cnm</strong></span> <span class='ocrx_word' id='word_1_172' title='bbox 2775 2533 2945 2626; x_wconf 87' lang='lat' dir='ltr'><strong>par-</strong></span> 
     </span>
     <span class='ocr_line' id='line_1_21' title="bbox 717 2635 2942 2734; baseline 0.002 -30"><span class='ocrx_word' id='word_1_173' title='bbox 717 2635 933 2704; x_wconf 90' lang='lat' dir='ltr'><strong>ticulis</strong></span> <span class='ocrx_word' id='word_1_174' title='bbox 983 2637 1312 2706; x_wconf 85' lang='lat' dir='ltr'><strong>finalibus.</strong></span> <span class='ocrx_word' id='word_1_175' title='bbox 1416 2639 1596 2705; x_wconf 86' lang='lat' dir='ltr'><strong>Nam</strong></span> <span class='ocrx_word' id='word_1_176' title='bbox 1649 2645 1769 2712; x_wconf 79' lang='grc' dir='ltr'><strong>ἵνα</strong></span> <span class='ocrx_word' id='word_1_177' title='bbox 1823 2635 2197 2731; x_wconf 73' lang='grc' dir='ltr'>γίγνηται,</span> <span class='ocrx_word' id='word_1_178' title='bbox 2266 2644 2384 2709; x_wconf 79' lang='grc' dir='ltr'><strong>ἵνα</strong></span> <span class='ocrx_word' id='word_1_179' title='bbox 2434 2639 2732 2734; x_wconf 73' lang='grc' dir='ltr'>γένηται</span> <span class='ocrx_word' id='word_1_180' title='bbox 2772 2662 2942 2730; x_wconf 78' lang='lat' dir='ltr'><strong>pro-¹</strong></span> 
     </span>
     <span class='ocr_line' id='line_1_22' title="bbox 715 2739 2780 2836; baseline 0.001 -30"><span class='ocrx_word' id='word_1_181' title='bbox 715 2739 865 2831; x_wconf 87' lang='lat' dir='ltr'><strong>prie</strong></span> <span class='ocrx_word' id='word_1_182' title='bbox 896 2740 1309 2832; x_wconf 75' lang='lat' dir='ltr'><strong>significant,</strong></span> <span class='ocrx_word' id='word_1_183' title='bbox 1361 2749 1444 2810; x_wconf 80' lang='grc' dir='ltr'><strong>ιιι</strong></span> <span class='ocrx_word' id='word_1_184' title='bbox 1445 2739 1641 2836; x_wconf 69' lang='lat' dir='ltr'><strong>fiere</strong></span> <span class='ocrx_word' id='word_1_185' title='bbox 1656 2792 1677 2829; x_wconf 84' lang='lat'>‚</span> <span class='ocrx_word' id='word_1_186' title='bbox 1730 2750 1811 2810; x_wconf 81' lang='lat' dir='ltr'><strong>ut</strong></span> <span class='ocrx_word' id='word_1_187' title='bbox 1823 2740 2126 2835; x_wconf 81' lang='lat' dir='ltr'><strong>sactum</strong></span> <span class='ocrx_word' id='word_1_188' title='bbox 2157 2762 2316 2810; x_wconf 80' lang='lat' dir='ltr'><strong>esse</strong></span> <span class='ocrx_word' id='word_1_189' title='bbox 2342 2741 2780 2835; x_wconf 75' lang='lat' dir='ltr'><strong>reperiatur.</strong></span> 
     </span>
    </p>

    <p class='ocr_par' dir='ltr' id='par_1_5' title="bbox 710 2841 2945 3871">
     <span class='ocr_line' id='line_1_23' title="bbox 924 2841 2945 2937; baseline 0.001 -25"><span class='ocrx_word' id='word_1_190' title='bbox 924 2841 1287 2935; x_wconf 79' lang='lat' dir='ltr'><strong>optativus</strong></span> <span class='ocrx_word' id='word_1_191' title='bbox 1345 2854 1572 2913; x_wconf 89' lang='lat' dir='ltr'><strong>autem</strong></span> <span class='ocrx_word' id='word_1_192' title='bbox 1624 2853 1867 2913; x_wconf 89' lang='lat' dir='ltr'><strong>natura</strong></span> <span class='ocrx_word' id='word_1_193' title='bbox 1911 2868 2032 2913; x_wconf 90' lang='lat' dir='ltr'><strong>sua</strong></span> <span class='ocrx_word' id='word_1_194' title='bbox 2086 2844 2431 2937; x_wconf 86' lang='lat' dir='ltr'><strong>praeditus</strong></span> <span class='ocrx_word' id='word_1_195' title='bbox 2489 2854 2592 2913; x_wconf 88' lang='lat' dir='ltr'><strong>est</strong></span> <span class='ocrx_word' id='word_1_196' title='bbox 2646 2844 2945 2935; x_wconf 83' lang='lat' dir='ltr'><strong>quadam</strong></span> 
     </span>
     <span class='ocr_line' id='line_1_24' title="bbox 715 2948 2945 3040; baseline 0.002 -27"><span class='ocrx_word' id='word_1_197' title='bbox 715 2948 1089 3038; x_wconf 86' lang='lat' dir='ltr'><strong>praesentis</strong></span> <span class='ocrx_word' id='word_1_198' title='bbox 1156 2949 1513 3018; x_wconf 88' lang='lat' dir='ltr'><strong>notatione.</strong></span> <span class='ocrx_word' id='word_1_199' title='bbox 1621 2949 1855 3034; x_wconf 78' lang='lat' dir='ltr'><strong>Quum</strong></span> <span class='ocrx_word' id='word_1_200' title='bbox 1915 2949 2091 3016; x_wconf 87' lang='lat' dir='ltr'><strong>enim</strong></span> <span class='ocrx_word' id='word_1_201' title='bbox 2143 2949 2623 3040; x_wconf 80' lang='lat' dir='ltr'><strong>cogitationem</strong></span> <span class='ocrx_word' id='word_1_202' title='bbox 2668 2949 2945 3017; x_wconf 84' lang='lat' dir='ltr'><strong>alicuius</strong></span> 
     </span>
     <span class='ocr_line' id='line_1_25' title="bbox 714 3050 2945 3144; baseline 0.004 -27"><span class='ocrx_word' id='word_1_203' title='bbox 714 3050 996 3137; x_wconf 85' lang='lat' dir='ltr'><strong>indicet,</strong></span> <span class='ocrx_word' id='word_1_204' title='bbox 1063 3051 1542 3142; x_wconf 86' lang='lat' dir='ltr'><strong>cuiuscumque</strong></span> <span class='ocrx_word' id='word_1_205' title='bbox 1586 3052 1912 3144; x_wconf 82' lang='lat' dir='ltr'><strong>temporis</strong></span> <span class='ocrx_word' id='word_1_206' title='bbox 1956 3051 2292 3143; x_wconf 85' lang='lat' dir='ltr'><strong>optativus</strong></span> <span class='ocrx_word' id='word_1_207' title='bbox 2337 3051 2450 3137; x_wconf 86' lang='lat' dir='ltr'><strong>sit,</strong></span> <span class='ocrx_word' id='word_1_208' title='bbox 2516 3062 2945 3144; x_wconf 87' lang='lat' dir='ltr'><strong>praesentem</strong></span> 
     </span>
     <span class='ocr_line' id='line_1_26' title="bbox 713 3154 2945 3248; baseline 0.001 -26"><span class='ocrx_word' id='word_1_209' title='bbox 713 3154 993 3246; x_wconf 86' lang='lat' dir='ltr'><strong>intelligi</strong></span> <span class='ocrx_word' id='word_1_210' title='bbox 1022 3155 1325 3246; x_wconf 82' lang='lat' dir='ltr'><strong>postulat</strong></span> <span class='ocrx_word' id='word_1_211' title='bbox 1357 3156 1837 3248; x_wconf 88' lang='lat' dir='ltr'><strong>cogitationem</strong></span> <span class='ocrx_word' id='word_1_212' title='bbox 1881 3178 1965 3223; x_wconf 93' lang='lat' dir='ltr'><strong>eo</strong></span> <span class='ocrx_word' id='word_1_213' title='bbox 1992 3164 2325 3247; x_wconf 86' lang='lat' dir='ltr'><strong>tempore,</strong></span> <span class='ocrx_word' id='word_1_214' title='bbox 2374 3156 2447 3222; x_wconf 90' lang='lat' dir='ltr'><strong>in</strong></span> <span class='ocrx_word' id='word_1_215' title='bbox 2481 3155 2668 3244; x_wconf 89' lang='lat' dir='ltr'><strong>quod</strong></span> <span class='ocrx_word' id='word_1_216' title='bbox 2710 3155 2945 3224; x_wconf 88' lang='lat' dir='ltr'><strong>incidit</strong></span> 
     </span>
     <span class='ocr_line' id='line_1_27' title="bbox 711 3257 2945 3351; baseline 0 -25"><span class='ocrx_word' id='word_1_217' title='bbox 711 3258 847 3347; x_wconf 86' lang='lat' dir='ltr'><strong>illa,</strong></span> <span class='ocrx_word' id='word_1_218' title='bbox 900 3280 1106 3347; x_wconf 85' lang='lat' dir='ltr'><strong>quam</strong></span> <span class='ocrx_word' id='word_1_219' title='bbox 1149 3259 1423 3347; x_wconf 86' lang='lat' dir='ltr'><strong>indicat,</strong></span> <span class='ocrx_word' id='word_1_220' title='bbox 1479 3259 1817 3351; x_wconf 84' lang='lat' dir='ltr'><strong>cogitatio.</strong></span> <span class='ocrx_word' id='word_1_221' title='bbox 1920 3258 2025 3327; x_wconf 89' lang='lat' dir='ltr'><strong>lta</strong></span> <span class='ocrx_word' id='word_1_222' title='bbox 2065 3268 2377 3350; x_wconf 86' lang='lat' dir='ltr'><strong>tempore</strong></span> <span class='ocrx_word' id='word_1_223' title='bbox 2419 3258 2582 3326; x_wconf 87' lang='lat' dir='ltr'><strong>facti</strong></span> <span class='ocrx_word' id='word_1_224' title='bbox 2621 3257 2945 3327; x_wconf 85' lang='lat' dir='ltr'><strong>differunt</strong></span> 
     </span>
     <span class='ocr_line' id='line_1_28' title="bbox 712 3356 2942 3458; baseline -0.002 -23"><span class='ocrx_word' id='word_1_225' title='bbox 712 3362 1038 3453; x_wconf 73' lang='grc' dir='ltr'>γένοιτο,</span> <span class='ocrx_word' id='word_1_226' title='bbox 1091 3361 1456 3454; x_wconf 74' lang='grc' dir='ltr'>γίγνοιτο,</span> <span class='ocrx_word' id='word_1_227' title='bbox 1530 3356 1954 3458; x_wconf 76' lang='grc' dir='ltr'><strong>γενήσοιτο,</strong></span> <span class='ocrx_word' id='word_1_228' title='bbox 2012 3361 2134 3431; x_wconf 88' lang='lat' dir='ltr'><strong>sed</strong></span> <span class='ocrx_word' id='word_1_229' title='bbox 2192 3362 2512 3453; x_wconf 84' lang='lat' dir='ltr'><strong>cogitatio</strong></span> <span class='ocrx_word' id='word_1_230' title='bbox 2560 3361 2776 3452; x_wconf 84' lang='lat' dir='ltr'><strong>haec,</strong></span> <span class='ocrx_word' id='word_1_231' title='bbox 2830 3363 2942 3431; x_wconf 84' lang='lat' dir='ltr'><strong>fa-</strong></span> 
     </span>
     <span class='ocr_line' id='line_1_29' title="bbox 715 3460 2940 3558; baseline 0.002 -27"><span class='ocrx_word' id='word_1_232' title='bbox 715 3473 899 3531; x_wconf 87' lang='lat' dir='ltr'><strong>ctum</strong></span> <span class='ocrx_word' id='word_1_233' title='bbox 932 3460 1097 3553; x_wconf 78' lang='lat' dir='ltr'><strong>quid</strong></span> <span class='ocrx_word' id='word_1_234' title='bbox 1143 3488 1329 3551; x_wconf 87' lang='lat' dir='ltr'><strong>esse,</strong></span> <span class='ocrx_word' id='word_1_235' title='bbox 1380 3466 1492 3535; x_wconf 89' lang='lat' dir='ltr'><strong>vel</strong></span> <span class='ocrx_word' id='word_1_236' title='bbox 1528 3465 1677 3533; x_wconf 87' lang='lat' dir='ltr'><strong>fieri</strong></span> <span class='ocrx_word' id='word_1_237' title='bbox 1698 3516 1719 3552; x_wconf 87' lang='lat'>,</span> <span class='ocrx_word' id='word_1_238' title='bbox 1770 3464 1881 3534; x_wconf 89' lang='lat' dir='ltr'><strong>vel</strong></span> <span class='ocrx_word' id='word_1_239' title='bbox 1912 3466 2213 3533; x_wconf 83' lang='lat' dir='ltr'><strong>futurum</strong></span> <span class='ocrx_word' id='word_1_240' title='bbox 2258 3489 2438 3552; x_wconf 85' lang='lat' dir='ltr'><strong>esse,</strong></span> <span class='ocrx_word' id='word_1_241' title='bbox 2493 3488 2576 3534; x_wconf 87' lang='lat' dir='ltr'><strong>ea</strong></span> <span class='ocrx_word' id='word_1_242' title='bbox 2617 3488 2940 3558; x_wconf 86' lang='lat' dir='ltr'><strong>praesens</strong></span> 
     </span>
     <span class='ocr_line' id='line_1_30' title="bbox 711 3567 2942 3661; baseline 0.002 -28"><span class='ocrx_word' id='word_1_243' title='bbox 711 3567 1104 3659; x_wconf 86' lang='lat' dir='ltr'><strong>intelligitur</strong></span> <span class='ocrx_word' id='word_1_244' title='bbox 1144 3591 1228 3636; x_wconf 94' lang='lat' dir='ltr'><strong>eo</strong></span> <span class='ocrx_word' id='word_1_245' title='bbox 1270 3578 1578 3661; x_wconf 84' lang='lat' dir='ltr'><strong>tempore</strong></span> <span class='ocrx_word' id='word_1_246' title='bbox 1596 3620 1617 3656; x_wconf 87' lang='lat'>,</span> <span class='ocrx_word' id='word_1_247' title='bbox 1671 3567 1761 3637; x_wconf 90' lang='lat' dir='ltr'><strong>de</strong></span> <span class='ocrx_word' id='word_1_248' title='bbox 1806 3591 1943 3659; x_wconf 92' lang='lat' dir='ltr'><strong>quo</strong></span> <span class='ocrx_word' id='word_1_249' title='bbox 1987 3570 2300 3658; x_wconf 87' lang='lat' dir='ltr'><strong>loqueris.</strong></span> <span class='ocrx_word' id='word_1_250' title='bbox 2407 3568 2501 3636; x_wconf 89' lang='lat' dir='ltr'><strong>Vt</strong></span> <span class='ocrx_word' id='word_1_251' title='bbox 2547 3568 2604 3637; x_wconf 84' lang='lat' dir='ltr'><strong>si</strong></span> <span class='ocrx_word' id='word_1_252' title='bbox 2644 3569 2734 3637; x_wconf 88' lang='lat' dir='ltr'><strong>de</strong></span> <span class='ocrx_word' id='word_1_253' title='bbox 2770 3592 2942 3638; x_wconf 89' lang='lat' dir='ltr'><strong>con-</strong></span> 
     </span>
     <span class='ocr_line' id='line_1_31' title="bbox 711 3669 2940 3765; baseline 0.002 -28"><span class='ocrx_word' id='word_1_254' title='bbox 711 3670 860 3737; x_wconf 90' lang='lat' dir='ltr'><strong>silio</strong></span> <span class='ocrx_word' id='word_1_255' title='bbox 900 3672 1631 3763; x_wconf 84' lang='lat' dir='ltr'><strong>cuiuspiam&#39;loqnare,</strong></span> <span class='ocrx_word' id='word_1_256' title='bbox 1683 3681 1869 3741; x_wconf 89' lang='lat' dir='ltr'><strong>recte</strong></span> <span class='ocrx_word' id='word_1_257' title='bbox 1909 3671 2127 3757; x_wconf 68' lang='grc' dir='ltr'>ὤθεε,</span> <span class='ocrx_word' id='word_1_258' title='bbox 2183 3669 2370 3752; x_wconf 85' lang='grc' dir='ltr'><em>ὅπως</em></span> <span class='ocrx_word' id='word_1_259' title='bbox 2411 3675 2743 3765; x_wconf 75' lang='grc' dir='ltr'>γένοιτο,</span> <span class='ocrx_word' id='word_1_260' title='bbox 2797 3675 2940 3742; x_wconf 86' lang='lat' dir='ltr'><strong>sive</strong></span> 
     </span>
     <span class='ocr_line' id='line_1_32' title="bbox 710 3769 2315 3871; baseline -0.001 -25"><span class='ocrx_word' id='word_1_261' title='bbox 710 3771 1038 3871; x_wconf 74' lang='grc' dir='ltr'><strong>ἐποίησεν</strong></span> <span class='ocrx_word' id='word_1_262' title='bbox 1067 3774 1280 3844; x_wconf 84' lang='lat' dir='ltr'><strong>addas</strong></span> <span class='ocrx_word' id='word_1_263' title='bbox 1301 3826 1322 3862; x_wconf 87' lang='lat'>,</span> <span class='ocrx_word' id='word_1_264' title='bbox 1373 3778 1513 3845; x_wconf 88' lang='lat' dir='ltr'><strong>sive</strong></span> <span class='ocrx_word' id='word_1_265' title='bbox 1546 3781 1789 3864; x_wconf 83' lang='grc' dir='ltr'>ποιεῖ’,</span> <span class='ocrx_word' id='word_1_266' title='bbox 1843 3775 1982 3844; x_wconf 86' lang='lat' dir='ltr'><strong>sive</strong></span> <span class='ocrx_word' id='word_1_267' title='bbox 2010 3769 2315 3870; x_wconf 80' lang='grc' dir='ltr'>ποιήσει.</span> 
     </span>
    </p>

    <p class='ocr_par' dir='ltr' id='par_1_6' title="bbox 635 3878 2939 4590">
     <span class='ocr_line' id='line_1_33' title="bbox 916 3878 2939 3970; baseline 0 -25"><span class='ocrx_word' id='word_1_268' title='bbox 916 3878 1133 3966; x_wconf 85' lang='lat' dir='ltr'><strong>Hinc,</strong></span> <span class='ocrx_word' id='word_1_269' title='bbox 1200 3888 1277 3948; x_wconf 85' lang='lat' dir='ltr'><strong>ut</strong></span> <span class='ocrx_word' id='word_1_270' title='bbox 1325 3880 1397 3948; x_wconf 91' lang='lat' dir='ltr'><strong>id</strong></span> <span class='ocrx_word' id='word_1_271' title='bbox 1438 3880 1659 3948; x_wconf 88' lang='lat' dir='ltr'><strong>obiter</strong></span> <span class='ocrx_word' id='word_1_272' title='bbox 1711 3878 2056 3963; x_wconf 75' lang='lat' dir='ltr'><strong>adiiciam,</strong></span> <span class='ocrx_word' id='word_1_273' title='bbox 2122 3888 2432 3970; x_wconf 86' lang='lat' dir='ltr'><strong>apertum</strong></span> <span class='ocrx_word' id='word_1_274' title='bbox 2471 3888 2607 3965; x_wconf 88' lang='lat' dir='ltr'><strong>est,</strong></span> <span class='ocrx_word' id='word_1_275' title='bbox 2676 3900 2830 3966; x_wconf 83' lang='lat' dir='ltr'><strong>cur,</strong></span> <span class='ocrx_word' id='word_1_276' title='bbox 2883 3878 2939 3945; x_wconf 89' lang='lat' dir='ltr'><strong>si</strong></span> 
     </span>
     <span class='ocr_line' id='line_1_34' title="bbox 710 3982 2938 4077; baseline 0.001 -31"><span class='ocrx_word' id='word_1_277' title='bbox 710 3989 975 4072; x_wconf 88' lang='lat' dir='ltr'><strong>tempus</strong></span> <span class='ocrx_word' id='word_1_278' title='bbox 1009 3982 1177 4050; x_wconf 89' lang='lat' dir='ltr'><strong>illud</strong></span> <span class='ocrx_word' id='word_1_279' title='bbox 1208 3983 1513 4077; x_wconf 85' lang='lat' dir='ltr'><strong>respicis,</strong></span> <span class='ocrx_word' id='word_1_280' title='bbox 1566 4004 1709 4074; x_wconf 91' lang='lat' dir='ltr'><strong>quo</strong></span> <span class='ocrx_word' id='word_1_281' title='bbox 1739 3982 1965 4051; x_wconf 87' lang='lat' dir='ltr'><strong>adhuc</strong></span> <span class='ocrx_word' id='word_1_282' title='bbox 2010 3984 2268 4051; x_wconf 80' lang='lat' dir='ltr'><strong>futurus</strong></span> <span class='ocrx_word' id='word_1_283' title='bbox 2312 3992 2416 4050; x_wconf 88' lang='lat' dir='ltr'><strong>est</strong></span> <span class='ocrx_word' id='word_1_284' title='bbox 2461 3990 2738 4051; x_wconf 87' lang='lat' dir='ltr'><strong>eventus</strong></span> <span class='ocrx_word' id='word_1_285' title='bbox 2770 4004 2938 4050; x_wconf 91' lang='lat' dir='ltr'><strong>con-</strong></span> 
     </span>
     <span class='ocr_line' id='line_1_35' title="bbox 635 4081 2936 4186; baseline 0 -34"><span class='ocrx_word' id='word_1_286' title='bbox 635 4115 638 4120; x_wconf 96' lang='lat'>·</span> <span class='ocrx_word' id='word_1_287' title='bbox 709 4084 871 4171; x_wconf 79' lang='lat' dir='ltr'><strong>Silii,</strong></span> <span class='ocrx_word' id='word_1_288' title='bbox 925 4081 1116 4166; x_wconf 82' lang='grc' dir='ltr'><em>ὅπως</em></span> <span class='ocrx_word' id='word_1_289' title='bbox 1144 4089 1434 4186; x_wconf 74' lang='grc' dir='ltr'>γένηται</span> <span class='ocrx_word' id='word_1_290' title='bbox 1468 4086 1759 4156; x_wconf 87' lang='lat' dir='ltr'><strong>dicatur·</strong></span> <span class='ocrx_word' id='word_1_291' title='bbox 1811 4087 1994 4154; x_wconf 88' lang='lat' dir='ltr'><strong>unde</strong></span> <span class='ocrx_word' id='word_1_292' title='bbox 2037 4088 2125 4172; x_wconf 80' lang='lat' dir='ltr'><strong>si,</strong></span> <span class='ocrx_word' id='word_1_293' title='bbox 2177 4086 2366 4177; x_wconf 92' lang='lat' dir='ltr'><strong>quod</strong></span> <span class='ocrx_word' id='word_1_294' title='bbox 2390 4087 2795 4178; x_wconf 86' lang='lat' dir='ltr'><strong>plerumque</strong></span> <span class='ocrx_word' id='word_1_295' title='bbox 2833 4085 2936 4171; x_wconf 84' lang='lat' dir='ltr'><strong>fit,</strong></span> 
     </span>
     <span class='ocr_line' id='line_1_36' title="bbox 706 4188 2934 4282; baseline 0 -28"><span class='ocrx_word' id='word_1_296' title='bbox 706 4196 975 4281; x_wconf 84' lang='lat' dir='ltr'><strong>tempus</strong></span> <span class='ocrx_word' id='word_1_297' title='bbox 1009 4190 1226 4257; x_wconf 91' lang='lat' dir='ltr'><strong>illud</strong></span> <span class='ocrx_word' id='word_1_298' title='bbox 1205 4213 1275 4258; x_wconf 88' lang='grc' dir='ltr'><strong>ιιι</strong></span> <span class='ocrx_word' id='word_1_299' title='bbox 1311 4200 1536 4260; x_wconf 85' lang='grc' dir='ltr'>ιιιειιιε</span> <span class='ocrx_word' id='word_1_300' title='bbox 1566 4190 1820 4270; x_wconf 83' lang='lat' dir='ltr'><strong>habes,</strong></span> <span class='ocrx_word' id='word_1_301' title='bbox 1871 4213 2034 4280; x_wconf 92' lang='lat' dir='ltr'><strong>quo·</strong></span> <span class='ocrx_word' id='word_1_302' title='bbox 2048 4191 2195 4282; x_wconf 86' lang='lat' dir='ltr'><strong>ipse</strong></span> <span class='ocrx_word' id='word_1_303' title='bbox 2230 4190 2557 4280; x_wconf 79' lang='lat' dir='ltr'><strong>loqueris,</strong></span> <span class='ocrx_word' id='word_1_304' title='bbox 2607 4198 2795 4257; x_wconf 85' lang='lat' dir='ltr'><strong>recte</strong></span> <span class='ocrx_word' id='word_1_305' title='bbox 2827 4188 2934 4255; x_wconf 90' lang='lat' dir='ltr'><strong>di-</strong></span> 
     </span>
     <span class='ocr_line' id='line_1_37' title="bbox 708 4290 2935 4392; baseline -0 -33"><span class='ocrx_word' id='word_1_306' title='bbox 708 4314 822 4361; x_wconf 84' lang='lat' dir='ltr'><strong>ces</strong></span> <span class='ocrx_word' id='word_1_307' title='bbox 866 4299 1069 4366; x_wconf 81' lang='grc' dir='ltr'>ποιεῖ</span> <span class='ocrx_word' id='word_1_308' title='bbox 1132 4303 1199 4363; x_wconf 86' lang='grc' dir='ltr'><strong>ει</strong></span> <span class='ocrx_word' id='word_1_309' title='bbox 1249 4288 1581 4392; x_wconf 82' lang='grc' dir='ltr'>ποιήσει,</span> <span class='ocrx_word' id='word_1_310' title='bbox 1652 4290 1840 4374; x_wconf 82' lang='grc' dir='ltr'><strong><em>ὅπως</em></strong></span> <span class='ocrx_word' id='word_1_311' title='bbox 1898 4296 2223 4391; x_wconf 76' lang='grc' dir='ltr'>γένηται,</span> <span class='ocrx_word' id='word_1_312' title='bbox 2294 4292 2622 4389; x_wconf 70' lang='grc' dir='ltr'><strong><em>ἐποίησεν</em></strong></span> <span class='ocrx_word' id='word_1_313' title='bbox 2684 4301 2935 4377; x_wconf 79' lang='lat' dir='ltr'><strong>antem,</strong></span> 
     </span>
     <span class='ocr_line' id='line_1_38' title="bbox 707 4391 2933 4494; baseline -0.001 -27"><span class='ocrx_word' id='word_1_314' title='bbox 707 4391 897 4477; x_wconf 85' lang='grc' dir='ltr'><strong><em>ὅπως</em></strong></span> <span class='ocrx_word' id='word_1_315' title='bbox 945 4398 1287 4494; x_wconf 74' lang='grc' dir='ltr'>γένηται,</span> <span class='ocrx_word' id='word_1_316' title='bbox 1353 4420 1491 4466; x_wconf 87' lang='lat' dir='ltr'><strong>non</strong></span> <span class='ocrx_word' id='word_1_317' title='bbox 1528 4397 1753 4481; x_wconf 87' lang='lat' dir='ltr'><strong>aliter,</strong></span> <span class='ocrx_word' id='word_1_318' title='bbox 1818 4398 1941 4464; x_wconf 86' lang='lat' dir='ltr'><strong>nisi</strong></span> <span class='ocrx_word' id='word_1_319' title='bbox 1988 4399 2040 4465; x_wconf 85' lang='lat' dir='ltr'><strong>si</strong></span> <span class='ocrx_word' id='word_1_320' title='bbox 2088 4397 2387 4466; x_wconf 88' lang='lat' dir='ltr'><strong>nondum</strong></span> <span class='ocrx_word' id='word_1_321' title='bbox 2443 4395 2765 4464; x_wconf 80' lang='lat' dir='ltr'><strong>eflectum</strong></span> <span class='ocrx_word' id='word_1_322' title='bbox 2812 4406 2933 4481; x_wconf 68' lang='lat' dir='ltr'><strong>est,</strong></span> 
     </span>
     <span class='ocr_line' id='line_1_39' title="bbox 707 4499 2938 4590; baseline 0 -23"><span class='ocrx_word' id='word_1_323' title='bbox 707 4499 895 4588; x_wconf 91' lang='lat' dir='ltr'><strong>quod</strong></span> <span class='ocrx_word' id='word_1_324' title='bbox 910 4501 1059 4590; x_wconf 85' lang='lat' dir='ltr'><strong>quis</strong></span> <span class='ocrx_word' id='word_1_325' title='bbox 1087 4502 1362 4570; x_wconf 85' lang='lat' dir='ltr'><strong>volebat</strong></span> <span class='ocrx_word' id='word_1_326' title='bbox 1381 4501 1581 4575; x_wconf 86' lang='lat' dir='ltr'><strong>effici.</strong></span> <span class='ocrx_word' id='word_1_327' title='bbox 1635 4501 1769 4569; x_wconf 91' lang='lat' dir='ltr'><strong>Vbi</strong></span> <span class='ocrx_word' id='word_1_328' title='bbox 1794 4510 2019 4570; x_wconf 84' lang='lat' dir='ltr'><strong>autem</strong></span> <span class='ocrx_word' id='word_1_329' title='bbox 2044 4499 2510 4570; x_wconf 86' lang='lat' dir='ltr'><strong>tantummodo</strong></span> <span class='ocrx_word' id='word_1_330' title='bbox 2538 4509 2834 4570; x_wconf 89' lang='lat' dir='ltr'><strong>mentem</strong></span> <span class='ocrx_word' id='word_1_331' title='bbox 2868 4509 2938 4569; x_wconf 87' lang='lat' dir='ltr'><strong>et</strong></span> 
     </span>
    </p>
   </div>
  </div>
 </body>
</html>
