3259 5275
801 491 924 555 192
1481 484 1602 548 ns
1669 481 2216 546 ΡΑιιτιονιΔ
2263 479 2353 549 ἂν

1861 778 1976 851 VI.

1080 933 1211 1004 De
1265 932 1605 1003 omisso
1658 932 1767 1007 ἄν
1804 941 2219 1027 propter
2270 932 2545 1004 aliud
2595 933 2724 1009 ἄν.

1002 1085 1600 1173 Quemadmodum
1644 1086 1920 1154 iteratur
1956 1084 2049 1158 ἄν
2094 1086 2164 1155 in
2217 1109 2350 1155 una
2396 1090 2756 1179 sententia,
2809 1088 2901 1158 ita
2945 1089 3015 1157 in

798 1193 1098 1263 oratione
1130 1192 1448 1260 membris
1480 1189 1884 1281 quibusdam
1911 1187 2217 1259 distincta
2249 1214 2390 1261 non
2418 1215 2575 1261 raro
2602 1194 2673 1262 in
2702 1215 2836 1260 uno
2864 1202 3016 1260 tan-

796 1307 943 1366 tum
970 1296 1278 1364 membro
1304 1296 1613 1388 ponitur,
1665 1293 1733 1360 in
1763 1294 1974 1361 altero
2006 1302 2231 1362 autem
2260 1296 2605 1369 omittitur.
2712 1295 2923 1381 Quod
2962 1295 3017 1363 si

798 1400 1062 1491 quaeris
1116 1421 1253 1489 qua
1283 1399 1441 1490 lege
1474 1399 1629 1484 fiat,
1679 1420 1790 1466 res
1819 1398 1970 1489 ipsa
2006 1407 2366 1486 monstrat,
2420 1398 2516 1467 sic
2546 1399 2821 1467 demum
2850 1420 3017 1490 pos-

793 1526 893 1591 se,
946 1502 1001 1571 si
1047 1510 1408 1593 utrumque
1451 1501 1834 1569 membrum
1878 1499 1970 1568 ad
2022 1523 2378 1571 commune
2413 1501 2739 1592 quiddam
2780 1502 3017 1571 referri

795 1608 955 1676 licet
972 1654 994 1692 ,
1044 1606 1136 1673 ita
1163 1614 1273 1693 ut,
1326 1606 1381 1674 si
1410 1605 1803 1698 praemittas
1841 1600 1934 1675 ἄν
1953 1653 1975 1692 ,
2027 1604 2117 1673 ad
2147 1613 2507 1695 utrumque
2531 1606 2817 1683 verbum
2851 1628 3018 1698 per-

792 1711 1021 1782 tineat.
1111 1708 1218 1779 Sit
1243 1708 1439 1777 nobis
1468 1731 1601 1799 pro
1631 1707 2071 1777 fundamento
2109 1707 2307 1777 huius
2345 1709 2808 1801 disputationis
2847 1707 3017 1776 illud

794 1810 1317 1905 Xenophontis
1299 1834 1371 1879 m
1401 1810 1704 1880 Hierone
1738 1809 1953 1897 212.
1987 1837 2132 1890 πως
2162 1839 2303 1907 γαρ
2335 1810 2431 1886 άν
2471 1811 2579 1894 τίς
2606 1838 2788 1885 ποτε
2819 1815 3018 1907 ἐξαρ·

792 1918 1022 1990 niueae
1052 1908 1421 2040 τύραννος
1471 1913 1519 2011 ἢ
1571 1908 1915 2038 χρήματα
1962 1913 2255 1987 ἐκτίνων
2312 1911 2526 1995 ὅσους
2581 1910 2925 2010 α’φείλετο
2970 1912 3016 2011 ἢ

796 2010 1104 2111 δεσμους
1136 2011 1580 2107 άντιπάσχοι
1614 2014 1827 2098 ὅσους
1829 2010 1962 2138 δή
1972 2017 2432 2109 ἐδέσμευσεν,
2488 2016 2536 2114 ἢ
2565 2015 2778 2097 ὅσους
2809 2018 3016 2090 κατέ-

791 2148 1013 2194 κτανε
1048 2147 1194 2202 πως
1231 2148 1323 2193 αν
1355 2113 1602 2200 ἱκανοῖς
1644 2140 1881 2213 ψυχας
1913 2113 2539 2218 άντιπαράσχοιτο
2575 2115 3015 2193 ἀποθανου-

787 2226 1050 2319 μένας,·
1080 2224 1273 2292 Prius
1306 2250 1452 2305 πως
1480 2222 1573 2297 ἄν
1597 2223 1690 2291 ad
1721 2223 1859 2291 duo
1894 2223 2183 2292 refertur
2206 2225 2453 2311 verba,
2503 2223 2799 2313 ideoque
2827 2231 3015 2292 recte

792 2336 862 2397 et
916 2327 1152 2396 ordine
1190 2327 1477 2412 factum,
1543 2334 1652 2415 ut,
1720 2336 2044 2417 sequente
2097 2326 2345 2397 deinde
2388 2326 2709 2396 divisione
2723 2375 2745 2413 ,
2798 2327 3015 2396 neutri

790 2432 882 2500 de
912 2430 1177 2498 duobus
1215 2452 1392 2519 quae
1419 2431 1731 2521 proxima
1759 2439 1915 2498 sunt
1939 2428 2182 2518 verbis,
2235 2432 2674 2523 ἐξαρκέσειεν
2707 2439 2776 2499 et
2802 2426 3013 2504 άντι-

789 2527 1064 2623 πάσχοι
1082 2583 1100 2612 ,
1154 2532 1456 2602 additum
1486 2533 1603 2621 sit,
1658 2533 1783 2601 etsi
1806 2535 2029 2625 potuit
2054 2533 2218 2602 addi
2260 2535 2546 2624 utrique.
2646 2533 2792 2604 Sed
2824 2533 3013 2625 quod

790 2635 1036 2706 deinde
1072 2635 1370 2726 sequitur
1409 2637 1555 2717 πῶς
1564 2690 1594 2725 ,
1646 2638 1912 2706 inversa
1949 2639 2266 2708 orationis
2297 2639 2521 2707 forma
2552 2662 2801 2707 novam
2839 2639 3009 2706 inci-

786 2741 895 2836 pit
927 2742 1353 2826 sententiam,
1404 2762 1627 2830 neque
1673 2750 1778 2809 est
1814 2764 1972 2834 pars
2012 2764 2498 2834 praegressae,
2480 2766 2499 2785 ·
2547 2742 2777 2833 itaque
2809 2743 3011 2811 etiam

788 2867 985 2914 suum
1013 2841 1218 2912 sibi
1169 2872 1261 2915 αν
1294 2842 1492 2912 adiici
1517 2845 2139 2936 postulat.ch
2168 2844 2514 2915 videamus
2551 2845 2703 2918 alia.
2778 2846 2859 2914 In
2886 2867 3008 2913 eo-

787 2947 948 3017 dem
992 2947 1165 3015 libro
1220 2946 1357 3034 ll,
1414 2947 1532 3015 ll.
1580 2948 1909 3040 scriptum
1953 2956 2083 3017 est.
2137 2945 2309 3030 aiere
2352 2974 2441 3022 ov
2490 2942 2725 3041 μόνον
2764 2952 3009 3044 φιλοῖο

786 3153 1085 3251 πειράν,
1151 3146 1338 3226 άλλά
1379 3146 1833 3249 πειρώμενον
1881 3149 2013 3225 υπ’
2054 3151 2298 3228 αυτῶν
2344 3150 2740 3245 ἀνέχεσθαι
2795 3152 2890 3229 άν
2931 3181 3009 3226 σε

786 3258 962 3331 δέοι.
1065 3256 1337 3325 Scilicet
1369 3256 1442 3325 id
1471 3264 1611 3342 est,
1668 3283 1804 3338 ωςτ
1866 3284 1958 3329 αν
1992 3252 2083 3329 οὐ
2113 3252 2349 3350 μόνον
2385 3262 2630 3353 φιλοῖο
2659 3251 2845 3331 άλλοῖ
2888 3255 3010 3330 καὶ

784 3359 992 3457 ἑρςὸο.
1095 3360 1331 3430 Altera
1375 3383 1553 3428 nova
1600 3360 1926 3429 sententia
1973 3369 2109 3448 est,
2174 3384 2425 3429 novum
2474 3361 2597 3430 sibi
2648 3389 2740 3433 αν
2783 3361 3007 3430 vindi-

785 3486 980 3552 oanS,
1031 3461 1151 3534 καὶ
1185 3461 1421 3537 δέοι
1368 3492 1460 3535 αν
1486 3488 1585 3537 σε.
1691 3463 2084 3553 Sequuntur
2119 3486 2395 3556 prorsus
2438 3464 2711 3533 similia·
2765 3458 3007 3559 φόβον

785 3565 866 3641 δὲ
915 3593 1047 3640 ουκ
1097 3563 1189 3638 άν
1252 3567 1483 3658 ἔχοις,
1552 3560 1720 3639 αλλ
1771 3564 2015 3647 ἄλλοις
2066 3569 2410 3663 παρέχοις
2452 3561 2560 3664 μή
2599 3595 2678 3642 τι
2723 3560 3004 3664 πάθης·

785 3662 1083 3750 ἑκόντας
1126 3669 1203 3743 δὲ
1238 3695 1410 3750 τους
1454 3670 1943 3760 πειθομένους
1986 3670 2176 3760 ἔχοις
2219 3669 2347 3750 ἄν,
2415 3670 2536 3743 ναι
2578 3672 3006 3750 ἐθελουσίως

786 3770 924 3843 σοῦ’
964 3771 1463 3867 προνοοῦντας
1507 3771 1704 3866 &emo
1749 3769 1861 3843 ἄν.
1919 3771 1973 3843 Ι.
2012 3795 2070 3840 e.
2104 3766 2344 3867 φόβον
2393 3768 2462 3848 δ
2507 3802 2599 3846 αν
2648 3800 2778 3847 ουκ
2816 3774 3006 3865 ἔχοις

783 3868 973 3946 άλλα
1012 3875 1372 3968 παρέχοις.
1473 3873 1794 3964 Sequitur
1830 3874 2074 3944 iterum
2111 3897 2288 3944 nova
2326 3878 2649 3947 sententia
2692 3899 2849 3945 cum
2884 3898 3006 3946 suo

784 3972 914 4062 ἄν,
966 3999 1142 4067 quae
1181 3978 1251 4046 in
1278 3977 1446 4046 duas
1476 3988 1704 4071 partes
1745 3977 1993 4064 divisa,
2053 3979 2253 4049 etiarn
2293 3981 2360 4048 in
2394 3982 2605 4049 altera
2630 3990 2827 4073 parte
2875 3980 3005 4047 ha-

780 4077 987 4148 bet*
935 4107 1069 4160 αν,
1121 4103 1261 4170 quo
1291 4091 1559 4174 poterat
1587 4103 1840 4155 carere.
1915 4083 2155 4153 Paullo
2189 4084 2523 4153 difficilius
2556 4084 2876 4152 iudicium
2906 4091 3006 4152 est

783 4182 874 4252 de
899 4183 1260 4275 proximis
1258 4184 1509 4252 verbis.
1563 4185 1637 4257 εἰ
1661 4184 1746 4257 δέ
1767 4212 1879 4267 τις
1907 4185 2233 4268 κίνδυνος
2259 4189 2408 4310 εἴη,
2463 4183 2554 4261 οὗ
2579 4182 3005 4280 συμμάχους

780 4279 1016 4380 μόνον
1065 4279 1251 4359 άλλά
1302 4314 1420 4360 και
1474 4280 1899 4380 προμάχους
1941 4288 2059 4360 καὶ
2115 4299 2552 4386 προθυμους
2597 4282 2827 4386 ὁρῴης
2890 4286 3002 4370 ἅν,

781 4389 1065 4463 πολλῶν
1118 4389 1258 4484 μὲν
1313 4390 1595 4489 δωρεων
1645 4384 2105 4485 ἀξιούμενος,
2176 4418 2306 4466 ουκ
2363 4388 2662 4488 άπορων
2718 4392 2800 4465 δὲ
2857 4388 3000 4486 ὅτῳ

783 4488 1068 4569 τούτων
1109 4488 1401 4588 ιυμενεῐ
1429 4488 1914 4588 μεταδώσεις,
1966 4486 2244 4578 πάντας
2290 4495 2430 4591 μὲν
2480 4491 3001 4594 συγχαίροντας
