3259 5275
750 537 881 600 m
1026 530 1147 593 DE
1196 528 1669 590 AEscHYLI
1707 528 2277 592 PBOMETHEO
2320 529 2705 595 SOLvTo
2821 537 2832 543 “

753 742 999 830 scripu
1029 738 1302 806 fuerunt
1326 733 1395 803 in
1418 735 1694 826 Pen‘plo
1721 736 1919 804 Ponti
1949 737 2192 806 Euxini
2220 747 2288 806 et
2314 736 2677 808 Maeotidis
2694 738 2963 833 paludis

665 897 671 906 .
754 868 824 937 p.
862 843 932 910 l.
977 841 1095 910 ubi
1138 840 1369 932 primis
1408 839 1633 907 verbis
1673 841 1899 908 recisis
1934 851 2239 932 superest
2272 843 2465 936 σμοῦ
2499 870 2583 917 τε
2622 838 2871 925 πάθος
2902 854 2970 911 et

755 968 930 1038 quae
968 953 1341 1034 sequuntur
1357 993 1379 1030 ,
1430 943 1499 1010 in
1544 944 1787 1033 quibus
1817 953 2003 1013 recte
2037 945 2363 1037 scriptum
2402 955 2504 1014 est
2534 942 2676 1042 ἠδ’.
2786 945 2966 1015 cod.

755 1051 900 1119 Pal.
939 1046 1126 1140 apud
1168 1047 1475 1115 Bastium
1519 1046 1657 1137 Ep.
1693 1047 1837 1115 crit.
1879 1069 1951 1138 p.
2001 1045 2115 1121 12.
2157 1071 2325 1117 vers.
2362 1049 2516 1123 Lat.
2551 1049 2653 1144 πῇ
2696 1050 2969 1142 μὲν-

757 1179 855 1249 πῃ
886 1148 993 1230 δ’,
1054 1162 1122 1220 et
1150 1151 1241 1218 ad
1270 1151 1596 1243 τέρμονα
1630 1150 1872 1223 Φᾶσιν
1910 1150 2100 1219 addit
2123 1145 2485 1245 ποταμόν.
2586 1153 2971 1245 Procopius

755 1257 929 1325 Hist.
960 1255 1172 1327 Goth.
1210 1254 1327 1325 lV.
1360 1250 1432 1325 6.
1455 1276 1526 1345 Ρ.
1560 1250 1734 1340 336,
1773 1252 1890 1322 11.
1945 1248 2133 1326 ἄλλα
2159 1254 2279 1326 καὶ
2318 1253 2359 1327 6
2388 1251 2974 1381 τραγῳδιοποιος

752 1352 1121 1449 Αἰσχύλος
1146 1363 1224 1432 ἐν
1256 1361 1657 1478 Προμηθεῖ
1678 1383 1781 1450 τῳ
1813 1358 2133 1450 λυομένῳ
2173 1352 2392 1439 εὐθυς
2421 1352 2832 1454 ἀρχόμενος
2846 1361 2974 1456 τῆς

753 1462 1155 1557 τραγῳδίας
1184 1454 1320 1538 τόν
1344 1453 1685 1552 ποταμόν
1708 1461 1949 1532 Φᾶσιν
1981 1460 2307 1551 τέρμονα
2341 1465 2541 1534 καλεῖ
2570 1461 2696 1557 γῆς
2725 1489 2814 1535 τε
2845 1463 2974 1560 τῆς

750 1562 1007 1645 Ἀσίας
1036 1564 1157 1637 καὶ
1190 1565 1318 1660 τῆς
1346 1555 1714 1661 Εὐρώπης.
1818 1563 2129 1654 Toupius
2173 1563 2263 1632 ad
2291 1564 2478 1634 Suid.
2508 1564 2560 1636 1.
2598 1587 2667 1656 p.
2711 1563 2836 1633 94.
2866 1576 2974 1633 te-

753 1692 940 1738 mere
993 1668 1302 1736 ordinem
1348 1666 1711 1735 verborum
1761 1667 2102 1751 mutabat,
2159 1664 2426 1761 ἥκομεν
2474 1665 2748 1747 ἄθλους
2799 1695 2973 1749 τους

756 1798 924 1852 σους
953 1764 1220 1852 rubeos.
1324 1770 1728 1838 Iacobsins
1709 1793 1778 1837 ιιι
1814 1791 2098 1839 censura
2139 1770 2248 1842 ed.
2291 1771 2567 1839 Schiitz.
2597 1771 2668 1837 in
2699 1771 2971 1840 Dim-nis

754 1877 875 1945 litt.
912 1875 1188 1947 HalenS.
1227 1897 1286 1945 a.
1329 1871 1701 1942 1822.f01.
1743 1872 1862 1941 72.
1907 1897 1981 1965 Ρ.
2015 1871 2192 1946 569.
2229 1871 2499 1970 ἥκομεν
2542 1868 2762 1947 αὐτοὶ
2799 1897 2970 1943 con-

754 1979 1056 2063 iiciebat,
1109 1978 1327 2046 otioso
1359 1976 1714 2046 vocabulo.
1793 1978 1950 2045 Non
1980 1975 2425 2045 dubitandum
2455 1976 2755 2064 videtur,
2810 1979 2971 2068 quin

753 2080 1045 2179 ἥκομεν,
1086 2090 1160 2149 ut
1185 2078 1327 2201 η’κω
1358 2080 1426 2147 in
1454 2081 1766 2163 Hecuba,
1796 2081 2091 2171 primum
2126 2080 2330 2149 fuerit
2359 2080 2634 2148 fabulae
2659 2082 2966 2153 verbum.

753 2185 1117 2256 Adiectum
1162 2185 1224 2252 ei
1269 2183 1474 2252 fuisse
1516 2183 1840 2252 credibile
1882 2195 2016 2271 est,
2077 2185 2352 2252 'Rtanes
2385 2207 2532 2252 esse
2573 2185 2688 2273 qui
2722 2184 2967 2275 loque-

657 2289 758 2360 15
773 2299 1005 2359 rentur
1019 2341 1039 2376 ‚
1087 2289 1299 2379 idque
1324 2287 1606 2355 fortasse
1637 2288 1974 2380 copiosius
2012 2298 2439 2360 exornatum:
2493 2309 2705 2377 quare
2748 2290 2968 2357 omisit

757 2395 1107 2466 Arrianus.
1194 2391 1665 2459 Blomfieldius
1703 2392 1993 2483 praefat.
2028 2391 2117 2458 ad
2150 2392 2340 2464 Pers.
2365 2390 2592 2481 p.‘14.
2645 2413 2785 2480 quo
2815 2393 2970 2460 loco

753 2498 843 2567 de
875 2496 1098 2565 choris
1144 2505 1362 2563 metro
1395 2496 1829 2586 anapaestico
1863 2494 2248 2588 tragoedias
2279 2494 2802 2579 exordientibus,
2839 2518 2971 2563 non

751 2610 936 2671 recte
966 2600 1299 2669 intellecta
1326 2595 1705 2667 Aristotelis
1734 2598 2119 2668 definitione
2148 2599 2442 2692 prologi,
2484 2597 2817 2685 disseruit,
2848 2590 2972 2696 τῆς

749 2706 890 2799 μὲν
924 2698 1235 2796 διδύμου
1268 2696 1574 2792 χθονός,
1641 2696 2000 2800 Εὐρώπης
2037 2696 2348 2799 μεγάλης
2389 2697 2465 2775 τ’
2507 2697 2762 2784 Ἀσίας
2793 2704 2970 2798 τέρ-

750 2834 990 2902 μονα,
1056 2805 1293 2879 Φᾶσιν
1334 2804 1764 2875 scribendum
1813 2808 2107 2892 censuit,
2175 2827 2352 2896 quae
2402 2827 2648 2898 prosae
2690 2807 2971 2875 orationi

756 2931 960 3001 quam
991 2910 1185 3002 poesi
1210 2910 1713 2977 convenientior
1741 2919 1842 2978 est
1865 2908 2135 2978 dicendi
2163 2910 2354 2978 ratio.

960 3014 1196 3099 Quum
1233 3013 1521 3104 Periplis
1546 3013 1673 3082 illis
1707 3013 1984 3082 testibus
2014 3012 2293 3081 'I'itanes
2324 3013 2791 3104 exposuerint,
2846 3035 2973 3105 per

646 3146 655 3156 ·
755 3127 1040 3208 quantos
1075 3117 1200 3186 sibi
1241 3125 1571 3185 terrarum
1613 3128 1863 3185 tractus
1906 3115 2202 3186 eundum
2239 3117 2442 3184 fuerit
2459 3165 2480 3203 ,
2532 3115 2733 3184 facile
2772 3117 2971 3184 intel-

755 3222 875 3315 lig-i
916 3230 1177 3313 potest,
1229 3219 1319 3287 ad
1368 3220 1679 3289 eamdem
1723 3221 2169 3288 narrationem
2224 3220 2604 3311 pertinere,
2667 3219 2794 3288 sed
2839 3242 2973 3287 non

755 3335 831 3394 ut
861 3326 1047 3418 ipsos
1076 3326 1227 3393 illos
1266 3336 1436 3414 quos
1480 3325 1820 3392 attulimus
1851 3345 2081 3391 versus
2124 3324 2502 3415 exciperet,
2557 3345 2736 3412 quae
2781 3322 2854 3405 1„
2884 3322 2970 3392 H.

754 3429 974 3498 Vossii
1000 3430 1232 3521 opinio
1262 3437 1437 3515 erat,
1488 3428 1749 3520 insigne
1778 3428 2268 3520 fragmentum,
2321 3426 2516 3516 quod
2542 3426 2798 3495 Strabo
2830 3448 2970 3494 ser·

754 3533 934 3600 vavit
970 3533 1085 3600 lib.
1132 3533 1183 3600 l.
1212 3554 1282 3622 p.
1321 3528 1443 3600 83.
1475 3528 1648 3623 (58)
1702 3528 1748 3604 ὅ
1783 3557 1867 3604 τε
1895 3522 2035 3626 γοῖρ
2058 3526 2422 3622 Αἰσχύλος
2456 3534 2533 3604 ἐν
2580 3534 2977 3629 Προμηθεῖ

756 3638 1079 3731 λυομένῳ
1116 3633 1336 3731 φησὶν
1368 3630 1591 3707 οὕτω·

965 3829 1483 3961 φοινικόπεδόν
1535 3862 1581 3908 τ
1669 3833 1987 3932 ἐρυθρᾶς
2039 3827 2240 3928 ἱερόν

960 3940 1194 4033 χεῦμα
1250 3933 1653 4063 θαλάσσης,

959 4036 1533 4138 χαλκοκέραυνόν
1586 4068 1670 4114 τε
1722 4065 1873 4137 παρ
1953 4033 2300 4163 ..ansam

962 4147 1227 4238 λίμναν
1269 4135 1794 4269 παντοτρόφον
1844 4135 2288 4232 Αἰθιόπων,

963 4246 1059 4322 ἱ”ν
1114 4246 1156 4321 6
1207 4241 1633 4328 παντόπτας
1670 4243 1943 4326 Ἠλιος
1994 4243 2139 4318 αιεὶ

963 4347 1191 4449 χρῶτ’
1241 4342 1631 4426 ἀθάνατον
1684 4341 2019 4443 καματόν
2069 4342 2164 4422 θ’
2217 4353 2476 4421 ἵππων·

961 4461 1277 4552 θερμαῖς
1329 4451 1594 4535 ὕδατος
2473 4480 2480 4487 ·

1082 4555 1422 4649 μαλακου
1468 4558 1821 4656 προχοαῖς
1873 4545 2255 4628 ἀναπαύει
