3259 5275
801 446 933 509 24⁰
1259 437 2118 506 HERMESIANACTIS
2163 438 2469 506 ELEGI.

806 655 1038 704 earum
1063 649 1309 700 vocum
1350 631 1930 721 formulas-umque
1953 651 2149 699 usum
2192 640 2261 700 et
2291 637 2698 724 potestatem
2727 653 2866 702 non
2903 656 3012 703 re-

806 739 1135 830 spiciunt,
1186 758 1363 826 quae
1392 734 1581 826 quod
1612 735 2058 828 pervulgatae
2084 743 2258 822 sunt,
2308 734 2472 803 nihil
2499 735 2639 804 vitii
2674 738 3014 816 continere

807 848 1161 935 putantur,
1213 848 1283 908 et
1319 849 1545 908 tamen
1564 890 1586 927 ,
1643 839 1803 929 quia
1827 838 1983 906 loco
2018 859 2160 906 non
2190 860 2315 907 suo
2343 848 2499 907 sunt
2525 840 2841 932 scriptae,
2890 864 3016 910 nee

807 944 1065 1013 debent
1084 965 1211 1011 nec
1238 951 1516 1035 possunt
1540 940 1722 1010 ferri.
1828 940 1975 1010 Sed
2010 942 2131 1010 etsi
2159 950 2519 1032 utrumque
2546 966 2765 1035 genus
2795 943 2888 1012 ita
2916 953 3018 1014 est

807 1058 1304 1138 comparatum,
1355 1054 1432 1113 ut
1457 1045 1653 1113 vitari
1690 1045 1944 1136 possit,
1996 1045 2051 1113 si
2091 1045 2241 1136 quis
2274 1055 2469 1115 caute
2519 1046 2675 1115 satis
2716 1046 3014 1115 circum-

804 1159 1175 1244 specteque
1204 1147 1534 1242 procedat
1550 1202 1571 1239 ‚
1622 1157 1851 1216 tamen
1883 1148 1993 1216 vel
2022 1149 2119 1216 sic
2156 1148 2224 1216 in
2256 1148 2823 1218 Hermesianactis
2860 1151 3019 1241 qui-

807 1254 964 1323 dem
998 1252 1210 1345 elegis
1245 1252 1561 1321 nonnulla
1589 1251 2068 1341 relinquentur,
2121 1273 2317 1341 quae,
2366 1253 2490 1321 nisi
2521 1251 2837 1322 codicum
2865 1277 3018 1323 me-

804 1358 1049 1426 liorum
1089 1377 1227 1448 ope
1246 1404 1268 1442 ,
1329 1355 1544 1424 sanari
1585 1363 1958 1446 nequeant,
2006 1353 2085 1422 iis
2126 1355 2526 1447 praesertim
2572 1357 2644 1425 in
2688 1356 2857 1426 locis
2874 1404 2898 1441 ,
2948 1358 3020 1426 in

809 1460 1052 1552 quibus
1099 1460 1210 1528 vel
1249 1481 1358 1527 res
1396 1457 1603 1528 hodie
1649 1459 1924 1552 ignotae
1967 1458 2413 1550 respiciuntur
2426 1509 2448 1546 ,
2512 1460 2623 1529 vel
2663 1458 3021 1529 hominum

806 1565 1198 1632 locorumve
1229 1563 1499 1631 nomina
1526 1562 1947 1631 inveniuntur
1975 1560 2318 1630 mendosa.
2420 1562 2605 1647 Quin
2631 1563 2701 1631 in
2732 1565 3019 1634 caeteris

811 1668 1013 1737 etiam
1034 1689 1171 1734 non
1187 1689 1410 1759 pauca
1427 1674 1598 1754 sunt,
1647 1665 1715 1733 in
1748 1665 1991 1756 quibus
2008 1686 2143 1732 non
2171 1665 2346 1732 ultra
2360 1665 2746 1758 opinionem
2775 1676 2849 1736 et
2866 1669 3014 1736 veri

807 1771 1090 1840 similem
1127 1770 1582 1838 coniecturam
1606 1768 1938 1862 progredi
1966 1768 2183 1839 liceat.
2291 1768 2522 1853 Quare
2562 1769 2617 1838 si
2649 1791 2787 1863 ego
2835 1793 3012 1862 quo-

807 1896 944 1965 que
981 1881 1305 1962 quantum
1350 1871 1623 1963 quidem
1669 1871 1929 1963 possim
1976 1869 2070 1938 ad
2105 1869 2301 1940 buius
2346 1872 2653 1941 constitui
2699 1875 3011 1942 carminis

808 1974 1347 2046 emendationem
1397 1975 1705 2044 conferre
1719 2021 1743 2058 ,
1812 1975 1909 2044 sic
1954 1973 2157 2042 velim
2207 1975 2564 2044 existimari
2577 2026 2598 2057 ‚
2662 1975 2842 2046 viam
2903 2000 3013 2046 me

804 2082 1034 2173 potius
1065 2078 1450 2171 corrigendi
1476 2078 1770 2169 aliquam
1794 2078 1863 2146 in
1895 2077 2240 2171 plerisque
2271 2079 2435 2148 locis
2457 2080 2746 2149 voluisse
2777 2089 3013 2150 osten-

754 2209 808 2279 4
829 2184 1016 2270 dere,
1067 2204 1271 2273 quam
1300 2191 1484 2252 certa
1514 2192 1759 2274 putare
1792 2191 2267 2273 corruptorum
2306 2183 2608 2252 remedia
2650 2185 3011 2276 reperisse,

803 2288 1334 2410 gavisurumque
1368 2285 1595 2377 potins
1646 2308 1830 2372 esse,
1875 2285 1928 2353 si
1967 2285 2247 2355 meliora
2281 2285 2428 2375 quis
2473 2286 2753 2375 afferat,
2804 2309 3011 2378 quam

801 2392 951 2483 ipse
993 2411 1168 2480 quae
1199 2389 1562 2458 invenerim
1596 2387 2050 2458 defensurum.
2155 2382 2377 2486 Μόνη
2417 2414 2557 2512 γαρ
2589 2391 2842 2482 ἔμοιγε
2875 2393 3010 2464 00.

801 2500 920 2566 κεῖ
950 2494 1139 2572 ἴασις
1179 2488 1583 2588 ἁμαρτίας,
1636 2489 2021 2585 ὁμολογεῖν
2051 2518 2136 2564 τε
2166 2485 2598 2589 ἁμαρτόντα
2640 2491 2760 2566 καὶ
2792 2493 3010 2583 δῆλον

804 2591 994 2670 εἶναι
1052 2589 1170 2668 ἐπ
1213 2590 1418 2689 αὐτῷ’
1467 2587 2134 2689 μεταγινώσκοντα.
2161 2594 2239 2685 *)
2342 2596 2523 2665 Nam
2562 2619 2682 2666 sua
2742 2594 3007 2667 inventa

804 2698 1114 2768 omnibus
1142 2698 1360 2767 modis
1392 2708 1623 2768 tenere
1656 2722 1792 2767 non
1823 2699 2042 2767 solum
2068 2700 2178 2767 vel
2208 2699 2480 2792 ineptae
2510 2700 2847 2784 vanitatis,
2899 2700 3008 2768 vel

802 2801 1023 2894 inopis
1054 2803 1449 2894 superbiae,
1489 2803 1599 2872 vel
1635 2801 1919 2871 stolidae
1964 2801 2423 2893 pervicaciae,
2484 2804 2594 2873 vel
2638 2804 2856 2897 turpis
2899 2803 3007 2873 in·-

802 2905 1057 2988 vidiae,
1099 2904 1222 2974 sed
1250 2907 1519 2974 omnino
1550 2904 1926 2975 dementiae
1951 2928 2099 2974 esse
2128 2907 2434 2975 arbitror.
2537 2906 2683 2976 Sed
2711 2906 2800 2977 de
2830 2906 3007 2975 Her-

801 3009 1215 3078 mesianactis
1273 3009 1573 3078 versibus
1620 3030 1761 3099 quo
1814 3007 2230 3077 commodius
2282 3009 2416 3077 dici
2460 3010 2679 3101 possit
2695 3060 2713 3096 ,
2777 3011 3007 3101 ipsum

801 3114 1035 3204 placet
1064 3112 1525 3205 fragmentum
1553 3112 1684 3197 sic,
1737 3120 1813 3179 ut
1847 3112 1916 3179 in
1947 3112 2412 3203 antiquissimis
2455 3113 2639 3182 libris
2678 3110 3006 3205 scriptum

802 3224 943 3303 est,
1007 3237 1214 3308 supra
1260 3238 1558 3308 ponere,
1619 3215 1698 3284 iis
1745 3223 2005 3283 tantum
2052 3216 2346 3309 receptis
2402 3214 3002 3304 emendationibus,

801 3340 979 3411 quae
1004 3321 1185 3389 omni
1221 3320 1349 3389 sint
1379 3318 1793 3389 dubitatione
1825 3341 2099 3389 vacuae.

1011 3508 1192 3626 Οἴην
1215 3506 1352 3600 μὲν
1382 3504 1589 3602 φίλος
1617 3499 1773 3587 υἷος
1800 3498 2158 3603 ανῆγαγεν
2191 3497 2546 3601 Οιαγρσιο

1106 3602 1551 3731 Αγριόπην,
1601 3607 1944 3705 Θρῇσσαν
1986 3602 2451 3701 στειλάμενος
2475 3600 2835 3707 κιθάρην,

1003 3703 1317 3807 «godon,
1369 3713 1713 3787 ἔπλευσεν
1755 3712 1833 3787 δὲ
1863 3739 2085 3787 κακον
2118 3711 2239 3785 ναὶ
2269 3709 2588 3787 απειθέα
2623 3737 2897 3810 χωρον,

964 4097 1039 4185 ⁹)
1084 4100 1320 4163 Arrian.
1349 4101 1425 4164 de
1451 4101 1675 4184 exped.
1702 4100 1877 4164 Alsx.
1908 4101 2035 4162 VH.
2078 4104 2238 4171 29.

966 4225 1028 4286 3.
1074 4221 1435 4329 Suspectum
1494 4220 1692 4283 habeo
1752 4214 2016 4285 απειθέα
2067 4224 2282 4323 χῶρον.
2380 4218 2691 4294 Quantum
2739 4217 2986 4293 intersit,

796 4313 1005 4367 utrum
1048 4309 1243 4389 χῶρος
1291 4328 1365 4366 an
1390 4300 1591 4387 Ἀΐδης
1627 4306 1865 4368 dicatur
1894 4301 2198 4388 απειθής,
2242 4324 2419 4367 nemo
2457 4325 2579 4366 non
2605 4304 2791 4369 videt,
2876 4302 2984 4364 Ma·

792 4391 932 4540 3:1¹ss
934 4384 1239 4539 5322}oe
1281 4392 1411 4456 sive
1442 4393 1497 4454 is
1521 4392 1872 4473 ignorabilis
1897 4390 2352 4474 intelligendus,
2394 4391 2526 4454 sive
2563 4409 2646 4453 ex
2679 4411 2805 4473 quo
2834 4387 2981 4452 nulla
