3259 5275
760 490 850 556 94
1059 568 1070 577 l
1467 484 1583 546 ns
1636 483 2187 551 PARTICVLA
2230 482 2326 552 ἄν

761 679 819 748 si
848 677 1137 763 debeas,
1192 673 1315 744 sed
1350 673 1715 761 debeasne‚
1767 675 2054 764 quaeris.
2159 677 2398 767 Itaque
2442 678 2772 769 particula
2813 703 2966 750 con·

762 782 1095 851 ditionalis
1131 777 1222 852 ἂν
1251 780 1488 848 abesse
1524 779 1750 849 debet.
1814 780 2084 849 Eadem
2118 782 2187 849 in
2208 781 2632 850 adhortando
2661 784 2825 851 ratio
2854 794 2965 859 est.
3048 784 3051 791 '

968 882 1181 971 Quod
1208 883 1417 952 sicubi
1447 882 1834 952 huiusmodi
1872 885 2304 954 coniunctivis
2332 885 2636 954 additum
2662 888 2969 956 invenitur

761 988 894 1077 ἄν,
948 997 1063 1056 aut
1092 987 1182 1054 ad
1211 988 1409 1055 aliam
1440 1010 1685 1055 vocem
1726 989 2059 1078 pertinet,
2111 1002 2187 1058 ut
2216 989 2305 1057 ad
2332 974 2764 1082 participium
2793 992 2967 1117 apud

758 1091 1546 1162 Pseudodemosthenem
1587 1093 1658 1159 in
1706 1091 1987 1160 Erotico
2032 1116 2105 1184 p.
2156 1092 2383 1181 1404,
2429 1093 2549 1162 14.
2602 1090 2660 1188 ᾦ
2703 1092 2846 1167 τίν
2883 1122 2967 1167 αν

758 1189 1284 1291 ἁρμόττουσαν
1318 1187 1560 1268 εικόνα
1598 1196 1854 1286 ἐνέγκω
1892 1222 2176 1269 σκοπων
2223 1192 2354 1286 οὐχ
2384 1194 2572 1293 ὁρῶς
2612 1198 2723 1266 vel
2752 1197 2888 1265 ad
2870 1220 2970 1265 m·

754 1301 1084 1369 finitivum
1127 1308 1202 1367 ιιι
1260 1297 1446 1391 apud
1488 1299 1845 1366 Platonem
1883 1299 1973 1368 de
2017 1299 2245 1394 Legg.
2288 1300 2373 1374 11.
2416 1324 2490 1430 p.
2538 1296 2715 1374 655.
2759 1299 2836 1372 C.
2897 1297 2970 1373 τί

754 1399 933 1477 ποτ’
962 1401 1054 1475 ἄν
1088 1397 1216 1476 οὖν
1241 1405 1557 1496 λέγωμεν
1579 1430 1668 1475 το
1652 1394 2140 1502 πεπλανηκος
2169 1403 2358 1503 ἡμᾶς
2385 1400 2615 1488 sirm,-
2650 1413 2764 1472 aut
2787 1427 2968 1472 men-

755 1506 921 1577 dum
983 1505 1249 1592 subest,
1314 1514 1391 1575 ut
1433 1505 1505 1573 in
1541 1504 1819 1574 Critone
1868 1508 2168 1578 Platonis
2219 1532 2292 1602 p.
2336 1503 2458 1579 50.
2495 1507 2572 1578 C.
2621 1531 2825 1601 quem
2864 1508 2967 1576 lo-

753 1634 911 1681 cum
955 1609 1292 1679 Matthiae
1323 1605 1395 1732 §.⁹
1442 1605 1615 1677 516.
1663 1608 1897 1688 affert,
1954 1610 2033 1684 τί
2081 1639 2213 1685 ουν
2252 1610 2345 1684 ἄν
2384 1614 2681 1685 εἴπωσιν
2727 1617 2800 1683 οἱ
2840 1603 2966 1685 νό-

747 1737 921 1810 μου
968 1713 1239 1807 pridem
1282 1714 1458 1783 enim
1490 1723 1674 1782 recte
1707 1713 1963 1782 editum
1997 1725 2178 1794 erat,
2231 1717 2310 1787 τί
2335 1711 2501 1800 οὖν,
2556 1714 2651 1789 ἄν
2685 1716 2966 1788 εἴπωσιν

749 1824 826 1893 οἱ
855 1809 1119 1908 νόμοιε
1177 1818 1355 1910 quid
1392 1838 1605 1902 vero,
1658 1816 1725 1886 si
1760 1818 1968 1911 leges
2013 1814 2328 1888 dicant?
2392 1819 2567 1887 vel
2547 1843 2616 1888 ιιι
2662 1816 2966 1889 Phaedro

744 1946 817 2015 p.
850 1919 1021 1991 231.
1052 1921 1139 1989 D.
1176 1930 1244 1989 et
1275 1922 1344 1990 in
1393 1921 1686 1989 Philebo
1717 1944 1789 2012 p.
1827 1917 1946 1988 15.
1995 1921 2076 1993 C.
2123 1923 2241 2013 qni
2272 1922 2407 1990 loci
2440 1945 2622 1992 nunc
2657 1945 2741 1991 ex
2774 1919 2965 1992 codd.

746 2024 1032 2094 correcti
1058 2033 1244 2107 sunt3
1299 2026 1406 2094 vel
1433 2022 1621 2117 apud
1658 2024 2068 2094 Strabonem
2096 2050 2166 2118 p.
2197 2023 2371 2095 679.
2408 2025 2518 2095 ed.
2568 2026 2728 2099 CaS.
2764 2022 2962 2116 (997.

748 2129 829 2199 C.
862 2130 1046 2198 Alm.
1080 2128 1167 2197 T.
1201 2128 1286 2199 V.
1303 2152 1387 2222 p.
1426 2126 1599 2197 726.
1629 2127 2056 2220 Tzschuck.)
2112 2126 2256 2201 τίν’
2286 2128 2377 2201 ἄν
2415 2123 2696 2223 λα’βωσι
2727 2122 2967 2211 wifam·

740 2234 860 2302 ubi
891 2256 976 2302 ex
1019 2232 1375 2301 Schaeferi
1418 2233 1740 2301 sententia
1773 2232 1865 2299 ad
1893 2233 2115 2326 Soph.
2154 2230 2334 2304 Oed.
2378 2232 2528 2302 Col.
2557 2230 2784 2302 1418.
2820 2250 2965 2299 cum

599 2338 606 2349 “
742 2336 947 2406 codd.
982 2335 1388 2426 quibusdam
1428 2364 1521 2407 αν
1553 2335 1941 2403 delendum.
2045 2336 2241 2404 Idem
2268 2337 2733 2408 Schaeferus
2714 2360 2783 2407 ιιι
2810 2334 2962 2402 Me-

740 2441 855 2509 let.
904 2463 997 2508 cr.
1037 2462 1113 2531 p.
1163 2437 1285 2509 98.
1331 2461 1383 2507 s.
1433 2439 1580 2507 iure
1619 2439 1968 2531 improbat
2003 2439 2335 2534 Stephani
2373 2441 2740 2563 lectionem
2787 2434 2963 2533 apud

741 2542 1211 2635 Sophoclem‘
1192 2564 1261 2611 ιιι
1288 2541 1545 2610 Trach.
1576 2540 1754 2611 9-19.

946 2688 1226 2795 πότερα
1252 2689 1565 2794 πρότερ’
1601 2695 1695 2770 ἄν
1733 2697 2123 2779 ἐπιστένως

736 2851 1031 2923 Gravius
1064 2849 1297 2918 vitium
1344 2849 1511 2920 latet
1542 2851 1733 2943 apud
1777 2851 2136 2921 Platonem
2174 2851 2243 2919 in
2271 2851 2659 2945 Protagora
2692 2878 2765 2947 p.
2798 2846 2962 2948 319„

733 2956 819 3026 Β.
859 2954 977 3024 ubi
1004 2954 1412 3022 conveniunt
1450 2954 1604 3022 libri
1631 2977 1866 3024 omnes
1902 2955 1969 3024 in
2015 2956 2148 3024 hac
2180 2955 2548 3048 scriptura:
2602 2957 2721 3031 σοὶ
2752 2957 2827 3030 δὲ
2852 2954 2960 3027 λε’-

731 3087 945 3154 γοντι
974 3052 1106 3130 οὐκ
1139 3058 1275 3149 ἔχω
1321 3055 1510 3138 ὅπως
1540 3055 1634 3131 ἄν
1662 3054 1967 3133 ἀπιστῶ.
2072 3060 2318 3150 Neque
2365 3061 2546 3129 enim
2596 3061 2959 3152 quidquam

639 3185 650 3193 ·
732 3162 1086 3256 proficias,
1140 3162 1196 3230 si
1226 3184 1383 3250 cnm
1407 3161 1813 3231 Heindorfio
1841 3172 1956 3231 aut
1987 3161 2200 3232 deleri
2224 3163 2315 3236 ἄν
2348 3162 2623 3249 iubeas,
2679 3172 2794 3233 aut
2820 3184 2956 3232 ser-

730 3276 890 3338 vato
931 3288 1225 3359 reponas
1282 3265 1698 3358 optativum,
1770 3267 1928 3356 quia
1976 3290 2150 3357 quae
2195 3268 2617 3359 praecedunt
2654 3286 2956 3359 quaeque

730 3379 1101 3462 sequuntur
1145 3369 1548 3438 contrariam
1586 3370 1938 3462 requirnnt
1977 3372 2410 3441 sententiam.
2476 3380 2553 3439 ut
2609 3372 2953 3464 corrigen

728 3473 896 3544 dum
934 3473 1277 3562 videatur,
1332 3473 1447 3546 σοὶ
1478 3476 1554 3548 δὲ
1580 3475 1865 3569 λέγοντι
1895 3469 2025 3547 οὐκ
2062 3475 2198 3567 ἔχω
2232 3471 2422 3556 ὅπως
2445 3469 2894 3550 obvanam-903.

1786 3678 1904 3749 VI.

724 3834 859 3906 De
897 3831 1400 3904 sententiis
1451 3832 2274 3906 conditionalibus
2313 3844 2399 3907 et
2426 3832 2946 3931 finalibus.

929 3986 1333 4078 Priusquam
1364 3988 1453 4057 de
1498 4011 1628 4058 usn
1667 3992 2043 4083 particulae
2087 3987 2181 4062 ἄν
2226 3990 2299 4059 in
2332 3990 2670 4060 sententiis
2715 3987 2946 4058 condi-

718 4092 1078 4164 tionalibus
1110 4101 1180 4160 et
1207 4093 1515 4161 finalibus
1544 4092 1830 4182 dicatur,
1881 4096 2114 4187 paucis
2148 4094 2237 4163 de
2266 4104 2504 4163 natura
2525 4094 2770 4164 harum
2799 4113 2938 4162 sen·

717 4198 1077 4267 tentiarum
1124 4219 1206 4265 ac
1246 4195 1630 4266 diversitate
1670 4199 2144 4292 explicandum
2186 4207 2306 4267 est.
2410 4200 2505 4267 Et
2531 4199 2946 4268 conditiona-

715 4303 816 4371 les
845 4298 1123 4391 quidem
1168 4300 1521 4372 sententias
1562 4324 1676 4371 eas
1719 4326 2043 4372 vocamus
2061 4356 2083 4393 ‚
2136 4303 2378 4394 quibus
2419 4326 2654 4372 caussa
2679 4301 2945 4371 indica-

713 4415 861 4492 tur,
915 4427 1051 4493 qua
1098 4426 1504 4498 praegressa
1545 4406 1732 4476 aliud
1787 4407 1953 4499 quid
2000 4415 2486 4498 consequatur;
2538 4407 2773 4476 finales
2816 4424 2941 4472 au·

711 4519 854 4579 tem
897 4508 1044 4578 illas
1057 4555 1080 4595 ,
1130 4509 1376 4601 quibus
1416 4519 1693 4603 eventus
1735 4512 2183 4605 significatur,
2239 4511 2332 4581 ob
2380 4534 2589 4604 quem
2636 4509 2939 4580 efficien-
