3259 5275
1012 521 1019 526 ,
1086 463 1252 527 LIB.
1300 465 1348 527 1.
1440 465 1637 526 eAP.
1679 469 1740 530 4.
2443 472 2528 535 18

1364 760 1481 834 lv.

572 909 873 980 'De
974 914 2143 986 construetione.

496 1060 830 1160 ⁸construi
860 1066 1138 1137 dicimus
1171 1071 1413 1158 verba,
1466 1093 1643 1161 quae
1674 1070 2025 1139 coniuncta
2064 1069 2525 1162 plenam-sen·-

306 1164 583 1234 tentiam
630 1168 947 1239 efficiunt.
1052 1173 1250 1241 Nunc
1302 1175 1673 1265 particulae
1730 1173 1823 1247 ἄν
1878 1182 1946 1241 et
1983 1174 2144 1261 κέν,
2209 1174 2527 1263 quoniam

309 1269 702 1339 conditionis
736 1273 1290 1363 significationem
1323 1279 1689 1365 continent,
1740 1278 1950 1346 verbo
1977 1276 2254 1367 quidem
2295 1299 2526 1344 carere

307 1395 637 1463 nusquam
672 1387 987 1467 possunt:
1032 1403 1189 1447 nam
1222 1381 1432 1449 sicubi
1458 1381 1647 1450 deest
1676 1381 1980 1466 verbum,
2016 1379 2526 1472 intelligendum

309 1485 448 1544 est:
486 1478 728 1546 modos
765 1490 991 1548 antem
1030 1482 1417 1573 formasque
1447 1484 1638 1553 verbi
1669 1483 2019 1552 admittunt
2055 1505 2284 1552 omnes
2300 1533 2322 1569 ,
2367 1483 2527 1573 quia

308 1579 373 1646 in
411 1582 724 1650 omnibus
756 1583 1084 1653 accedere
1126 1595 1355 1679 potest
1401 1587 1793 1657 conditionis
1828 1586 2100 1657 notatio.
2206 1585 2352 1655 Sed
2389 1607 2525 1654 non

310 1706 462 1751 cum
489 1683 797 1753 omnibns
828 1696 1051 1756 tamen
1086 1691 1272 1758 solae
1289 1714 1417 1783 per
1446 1715 1520 1761 se
1547 1690 1838 1759 construi
1865 1689 1933 1757 in
1958 1712 2042 1758 eo
2071 1688 2349 1779 quidem
2376 1711 2525 1757 ser-

308 1809 507 1855 mone
564 1799 876 1880 possunt,
941 1793 1057 1882 qui
1108 1791 1420 1886 deposita
1466 1795 1674 1887 prisci
1711 1793 2034 1884 temporis
2091 1791 2526 1864 fluctuatione

308 1899 523 1958 certas
558 1901 662 1959 est
691 1891 960 1962 dicendi
997 1896 1187 1988 leges
1221 1907 1561 1988 sequutus,
1660 1897 1898 1987 Itaque
1929 1904 2111 1965 recte
2142 1896 2325 1977 dicas
2354 1918 2525 1964 con-

306 1994 467 2061 strui
513 1993 607 2066 ἆν
667 2018 823 2063 cum
862 1997 1252 2088 indicativo,
1312 2001 1649 2092 optativo,
1714 1998 2070 2092 participio
2084 2046 2108 2085 ,
2170 1999 2522 2082 infinitivo,

306 2104 378 2163 ut
408 2098 653 2189 ἔλεγον
700 2096 829 2180 ἄν,
882 2098 1164 2195 λέγοιμ’
1213 2100 1350 2182 ἄν,
1402 2103 1625 2194 λέγων
1674 2100 1809 2192 ἄν,
1890 2103 2122 2193 λέγειν
2169 2099 2301 2173 ἄν’
2380 2123 2520 2169 non

308 2209 528 2267 autem
551 2202 771 2291 possis
807 2202 1033 2273 dicere
1069 2205 1245 2274 solas
1281 2228 1409 2297 per
1434 2226 1509 2273 se
1547 2226 1702 2271 cum
1734 2203 2154 2272 coniunctivo
2195 2204 2517 2274 construi:

306 2325 525 2392 neque
559 2304 736 2372 enim
764 2308 928 2403 λέγῃ
957 2306 1051 2378 ἄν
1089 2308 1221 2376 dici
1249 2309 1435 2377 licet:
1487 2328 1899 2397 quamquam
1930 2304 2007 2386 ὃς
2036 2304 2128 2378 ἄν
2155 2306 2297 2376 iure
2327 2306 2519 2376 dice-

306 2429 450 2474 mus
494 2429 653 2474 cum
686 2407 802 2475 illo
836 2412 1129 2479 construi
1160 2411 1350 2479 verbi
1379 2408 1607 2481 modo.
1711 2411 1909 2478 Patet
1950 2418 2177 2476 autem
2217 2410 2384 2501 quid
2409 2411 2518 2479 in-

305 2509 506 2578 tersit.
611 2511 790 2578 Nam
818 2513 1059 2583 modus
1087 2514 1310 2600 verbi,
1365 2535 1662 2605 quocum
1685 2513 1834 2605 ipsa
1867 2534 1999 2604 per
2029 2534 2102 2580 se
2144 2523 2523 2582 constructa

307 2623 405 2682 est
432 2614 765 2705 particula
799 2612 924 2696 ἄν,
978 2618 1177 2686 aliam
1210 2619 1349 2689 eius
1378 2618 1764 2688 accessione
1804 2623 2216 2710 potestatem
2254 2616 2519 2710 accipit.

306 2717 507 2785 Aliud
550 2726 655 2785 est
695 2719 874 2786 enim
916 2720 1160 2814 ἔλεγον
1215 2720 1340 2801 ἄν,
1396 2744 1599 2812 quam
1638 2722 1915 2813 ἔλεγον·
1947 2790 1953 2795 ,
1981 2727 2052 2787 et
2093 2720 2188 2788 sic
2232 2728 2522 2804 caetera,

308 2843 476 2910 quae
507 2821 864 2892 attulimus.
940 2823 1022 2892 ln
1068 2826 1468 2894 coniunctivi
1516 2832 1746 2903 antem
1784 2831 2121 2915 potestate
2155 2822 2322 2893 nihil
2363 2845 2519 2892 mu-

307 2933 517 3010 tatur,
570 2925 712 2993 sive
749 2925 1032 2995 accedat
1075 2924 1166 3000 ἅν
1183 2982 1211 3017 ,
1264 2929 1403 2999 sive
1451 2951 1588 2998 non
1633 2926 1950 2996 accedat:
2015 2935 2306 2995 mutatur
2353 2947 2522 2995 vero

307 3037 604 3118 potestas
653 3028 829 3097 illius
885 3030 1233 3118 vocabuli,
1300 3033 1410 3101 cui
1462 3032 1811 3100 adiunctus
1867 3038 1971 3100 est
2028 3030 2518 3099 coniunctivus:

306 3153 455 3199 nam
486 3123 659 3219 eoin,
711 3128 938 3213 ὅταν,
990 3132 1067 3216 ὃς
1098 3132 1190 3209 ἄν
1218 3135 1417 3204 aliam
1445 3136 1584 3204 vim
1620 3133 1915 3221 habent,
1967 3154 2171 3222 quam
2205 3135 2307 3219 εἴ,
2364 3128 2518 3220 ὅτε,

308 3231 403 3313 ὅς.
482 3233 723 3324 ltaque
748 3257 888 3302 non
920 3233 1012 3309 ἄν
1038 3235 1398 3307 dicendum
1430 3247 1532 3307 est
1567 3259 1723 3306 cum
1750 3235 2168 3305 coniunctivo
2205 3234 2518 3321 construi,

308 3336 425 3405 sed
469 3359 680 3405 voces
720 3337 863 3407 illas
878 3388 899 3421 ,
950 3340 1191 3429 quibus
1236 3341 1627 3429 adiunctum
1673 3349 1778 3409 est
1821 3335 1933 3411 ἄν.
2031 3337 2142 3407 Ex
2182 3336 2288 3406 his
2340 3335 2521 3407 enim

305 3439 559 3532 pendet
594 3441 1069 3528 comunctivns,
1121 3445 1324 3515 etiam
1349 3446 1404 3515 si
1432 3452 1702 3514 careant
1724 3440 2054 3536 particula
2085 3441 2218 3510 illa.
2297 3439 2521 3531 quue

308 3544 502 3611 etiam
527 3544 671 3611 aliis
698 3547 1106 3636 argumentis
1139 3549 1607 3641 cognoscitur,
1660 3557 1729 3615 et
1757 3545 2057 3638 primum
2094 3543 2368 3635 quidem
2410 3566 2519 3632 eo,

307 3647 490 3736 quod
522 3647 736 3715 multa
762 3648 1089 3720 eiusmodi
1129 3646 1462 3722 vocabula
1513 3674 1672 3720 cum
1694 3649 2029 3745 particula
2067 3649 2179 3716 illa
2214 3648 2282 3716 in
2313 3669 2520 3716 unam

305 3772 543 3819 vocem
570 3740 1002 3841 coaluerunt,
1045 3763 1119 3823 ut
1146 3751 1330 3829 ὅταν
1346 3808 1376 3845 ,
1422 3747 1707 3828 ὁπόταν
1723 3807 1754 3843 ,
1806 3746 1956 3830 ἐάν,
2011 3744 2256 3841 ἐπεάν,
2309 3755 2519 3824 ἐπει-

307 3846 459 3941 δάν,
515 3848 859 3923 et'Dorica
887 3860 1083 3948 αἴκα,
1136 3855 1312 3930 ὅκκα
1334 3880 1352 3898 ·
1401 3856 1648 3926 deinde
1692 3879 1733 3925 e
1783 3855 2222 3923 collocatione
2263 3854 2517 3923 verbo-

305 3978 485 4045 rum,
549 3979 726 4048 quae
769 3968 1042 4052 semper
1084 3960 1483 4052 particulam
1526 3961 1653 4031 illis
1703 3957 2085 4046 vocabulis,
2151 3978 2518 4047 numquam

306 4061 513 4128 verbo
543 4061 836 4154 colligat.
938 4065 1098 4132 Non
1143 4064 1323 4132 enim
1366 4063 1501 4131 dici
1522 4071 1795 4155 potest,
1841 4060 1919 4143 ὃς
1957 4062 2121 4157 λέγῃ
2158 4057 2271 4134 ἄν.
2357 4057 2520 4133 ,Sed

307 4163 488 4252 quod
526 4165 599 4233 in
632 4165 1088 4253 coniunctivo,
1138 4165 1325 4235 idem
1356 4189 1563 4258 saepe
1591 4167 1794 4236 etiam
1819 4165 1888 4232 in
1912 4164 2053 4232 aliis
2086 4162 2275 4231 verbi
2297 4161 2518 4232 modis

312 4266 563 4355 accidit,
606 4278 683 4336 ut
709 4290 869 4336 cum
885 4269 961 4336 iis
989 4291 1129 4336 non
1154 4269 1486 4361 particula
1511 4266 1627 4359 ἄν,
1678 4265 1801 4338 sed
1829 4267 1959 4335 alia
1979 4288 2110 4335 vox
2138 4265 2518 4335 adiunctam

312 4366 558 4439 habens
591 4371 778 4439 illam
811 4371 1208 4464 particulam
1241 4381 1677 4441 construatur.
1777 4369 1864 4438 ld
1898 4368 2307 4442 monendum
2335 4366 2517 4435 iudi-

314 4473 449 4541 cavi
472 4484 873 4569 propterea,
924 4473 1113 4565 quod
1140 4497 1351 4565 quum
1378 4474 1542 4545 mihi
1577 4475 1649 4543 in
1674 4472 2072 4568 explicando
2101 4494 2227 4543 usu
2251 4471 2514 4540 illarum
2555 4464 2568 4471 “
