3259 5275
1030 488 1656 556 COLVTHI.
2324 499 2448 562 221

273 689 473 751 autem
502 702 640 748 non
664 677 881 770 possit
926 701 1065 746 non
1111 677 1203 746 ad
1243 682 1552 772 superius
1599 680 1721 754 οἶα
1766 681 2038 764 referri,
2088 684 2184 753 illi
2229 698 2452 758 autem

269 784 438 875 quod
473 782 802 851 adiectum
843 791 945 850 est
973 784 1062 856 τέ
1093 805 1230 850 non
1270 782 1445 852 bene
1482 785 1868 872 conveniat,
1913 797 2096 855 recte
2139 790 2305 860 mihi
2346 794 2451 860 vi-

267 888 418 956 deor
441 884 758 972 iudicare,
812 885 1030 953 alieno
1059 885 1211 954 loco
1245 886 1569 956 intrusum
1597 912 1744 958 esse
1775 887 1957 958 hunc
1991 914 2275 964 versum.
2342 895 2452 964 Eo

263 991 403 1058 hinc
431 990 683 1057 reiecto
712 999 866 1056 ante
896 989 1196 1081 primum
1227 1011 1461 1058 eorum
1505 1014 1675 1082 quos
1724 994 2045 1084 apposui,
2096 995 2274 1065 bene
2320 998 2452 1066 ha-

264 1094 431 1162 bebit
455 1093 678 1182 locus,
729 1093 824 1159 ita
852 1115 1025 1160 nexa
1051 1093 1389 1162 oratione:

351 1246 466 1319 οἶα
496 1246 608 1325 δέ,
665 1245 1060 1334 χαλκείοισι
1091 1247 1561 1368 καλυψαμένη
1590 1239 1776 1339 χρόα
1805 1249 2137 1336 πέπλοις,

349 1348 465 1422 οἶα
501 1375 588 1421 συ
627 1340 940 1427 κυδιάεις
977 1343 1415 1444 ανεμοὶλιος,
1458 1344 1906 1450 Ἀτρυτώνη.

259 1502 422 1572 Nihil
452 1501 589 1570 vitii
623 1501 770 1569 est
752 1524 820 1568 m
848 1501 1007 1571 illis:

344 1648 723 1748 ἀγνώσσεις
753 1651 873 1727 ὅτι
906 1657 1187 1748 μαλλον
1221 1640 1590 1740 α’ναλκίδες
1619 1655 1796 1732 εἰσιν
1831 1653 2160 1757 Αθῆναι

344 1765 586 1848 τοῖαι,
639 1757 1146 1848 κυδαλίμοισιν
1173 1756 1663 1853 α’γαλλόμεναι
1697 1764 2119 1854 πολέμοισι,

343 1861 770 1958 κεκριμένων
803 1863 1077 1953 μελέων
1110 1860 1276 1936 οὔτ’
1310 1861 1600 1957 ἄρσενες
1624 1862 1798 1938 οὔτε
1831 1871 2172 1958 γυναῖκες.

255 2015 443 2101 Quod
486 2014 768 2084 Graeflo
782 2064 804 2101 ‚
863 2015 1238 2085 acutissimo
1288 2015 1599 2109 leporum
1647 2028 1717 2086 et
1758 2019 2120 2088 venustatis
2167 2021 2444 2104 arbitro,

251 2113 558 2217 Αθῆναι
606 2142 742 2188 non
788 2118 1177 2206 Minervae,
1229 2118 1350 2189 sed
1394 2120 1553 2190 urbs
1595 2120 2017 2190 Athenarum
2070 2146 2218 2192 esse
2263 2125 2445 2194 visae

254 2231 421 2311 sunt,
458 2222 899 2291 vehementer
931 2225 1159 2296 miror.

442 2327 521 2397 V.
552 2324 729 2395 189.
784 2349 843 2394 e.
875 2327 1027 2395 cod.
1063 2325 1238 2395 Mut.
1266 2326 1735 2417 reponendum
1764 2330 2008 2404 τοῖον,
2064 2335 2134 2395 et
2166 2326 2439 2399 *2191

255 2454 322 2509 ος
354 2423 520 2502 τότε
554 2452 690 2522 pro
721 2426 797 2510 ὅς
829 2455 1055 2519 ποτε,
1110 2429 1298 2520 quod
1324 2430 1625 2522 ineptum
1662 2439 1783 2501 est.
1888 2430 1971 2498 V.
2013 2427 2182 2500 200.

340 2582 551 2681 νῆας,
600 2580 688 2664 ὃς
726 2578 854 2657 οὐκ
887 2574 1133 2680 ἐνόησε
1165 2581 1282 2657 καὶ
1313 2578 1443 2657 οὐκ
1471 2578 1769 2683 ἤσκησεν
1797 2576 2106 2682 Ἀθήνη.

250 2734 606 2806 Wernikius
641 2760 853 2827 quum
884 2736 973 2805 ad
1001 2735 1384 2829 Tryphiod.
1420 2761 1490 2830 p.
1518 2735 1640 2805 43.
1680 2735 1868 2805 haud
1901 2744 2290 2825 cunctanter
2317 2734 2443 2812 ἅτ’

251 2839 662 2909 scribendum
693 2841 878 2927 dixit,
932 2849 1148 2908 metro
1181 2842 1414 2909 melius
1455 2864 1659 2930 quam
1688 2842 2051 2913 sententiae
2089 2842 2440 2911 consuluit.

250 2941 463 3011 Vacua
500 2945 665 3013 vitio
709 2955 813 3013 est
854 2944 1107 3013 Graefii
1139 2945 1556 3031 coniectura,
1610 2944 1838 3019 deleto
1880 2945 2053 3039 νῆας
2096 2945 2439 3014 scribentis

253 3051 428 3135 οἵας,
479 3047 602 3116 sed
634 3058 737 3116 est
776 3045 850 3115 id
880 3045 1275 3143 languidius.
1379 3047 1539 3140 Ego
1576 3047 1854 3137 quidem
1899 3046 2174 3114 credam
2225 3047 2434 3116 Colu-

252 3147 482 3217 thum
463 3173 530 3218 m
569 3151 707 3218 hac
742 3151 1041 3241 syllabae
1084 3172 1397 3219 mensura
1436 3148 1722 3219 Hesiodi
1765 3149 2151 3281 exemplum
2191 3173 2442 3240 sequu-

250 3259 377 3319 tum
411 3276 575 3323 esse.

434 3356 685 3424 Paride
721 3356 1077 3449 navigante
1108 3351 1228 3428 ἐπ’
1274 3351 1487 3449 εὐρέα
1522 3354 1719 3429 νῶτα
1759 3347 2063 3451 γαλήνης
2106 3356 2232 3446 (sic
2264 3356 2442 3425 enim

251 3453 377 3526 iure
425 3459 716 3528 correxit
752 3460 1136 3551 Lennepius
1186 3481 1252 3530 v.
1303 3458 1507 3549 204.)
1561 3459 1771 3527 oritur
1809 3467 2174 3551 tempestas
2191 3508 2212 3545 ‚
2265 3482 2442 3550 quae

252 3580 309 3633 v
335 3559 498 3630 206.
531 3563 630 3631 sic
661 3561 1093 3632 describitur.

340 3716 597 3813 κυανέη
629 3716 767 3806 μὲν
798 3712 1121 3811 ὕπερθεν
1151 3709 1730 3810 ᾰναθροὶσκουσα
1759 3709 2098 3788 θάλασσα

343 3815 659 3910 ουρανόν
687 3815 1059 3913 ὀρφναίων
1091 3817 1336 3892 ἑλίκων
1365 3812 1676 3904 ἐζώσατο
1712 3819 1988 3912 δεσμῷ·

343 3919 388 4015 ἢ
414 3917 489 3993 δ’
525 3919 670 4016 ἄρα
699 3916 1237 4012 μιχθαλόιντος
1269 3916 1402 3992 ἀπ’
1438 3918 1641 4015 ἠέρος
1676 3919 1961 4047 ὄμβρον
1995 3924 2204 3993 ἱεῖσα.
2441 3917 2541 3987 18

346 4015 653 4121 ἑκλυσθη
687 4027 771 4098 δέ
796 4052 880 4097 τε
918 4018 1183 4104 πόντος
1217 4025 1704 4117 ἐρεσσομένων
1734 4016 2069 4120 ἑρεταων.

253 4171 426 4242 Nihil
457 4199 585 4244 nec
615 4178 969 4247 varietates
1005 4176 1375 4269 scripturae
1403 4184 1720 4269 prosunt,
1758 4198 1884 4244 nec
1913 4198 2087 4266 quae
2116 4174 2260 4243 visa
2283 4173 2439 4242 viris

255 4274 453 4346 doctis
485 4288 590 4348 est
616 4281 853 4350 lacuna
877 4304 1024 4349 esse
1052 4290 1205 4349 ante
1230 4281 1537 4350 ultimum
1575 4279 1878 4350 verbum.
1974 4278 2213 4347 Manet
2243 4278 2438 4355 enim,

254 4386 321 4446 ut
348 4380 471 4448 alia
504 4391 811 4474 taceam,
865 4383 1121 4475 duplex
1151 4385 1550 4476 perversitas
1570 4432 1591 4467 ‚
1646 4406 1778 4451 una
1828 4384 1896 4451 in
1922 4405 1998 4451 re
2026 4384 2210 4474 ipsa,
2253 4379 2442 4470 quod

254 4502 424 4553 mare
459 4508 814 4581 assurgere
857 4486 1101 4556 dicitur
1148 4496 1217 4556 et
1268 4489 1529 4557 caelum
1571 4487 1762 4556 tortis
1807 4486 2092 4554 nubibus
2145 4484 2439 4576 cingere,
