3259 5275
878 457 1832 542 nlssssnTA‘rlo.
2319 488 2451 552 πω

253 674 343 743 llli
376 694 533 741 vero
568 692 885 738 arcanam
933 670 1265 739 rationem
1301 670 1489 740 domi
1535 670 1795 741 habent
1812 725 1833 762 ‚
1885 672 2004 763 qui
2044 676 2247 743 etiarn
2287 674 2446 744 Ilia-

251 780 424 864 dem,
470 777 624 868 ipso
660 775 942 843 mirante
972 774 1136 865 quid
1182 775 1442 844 nescius
1488 777 1834 868 scripserit
1868 776 2210 865 Homero,
2254 780 2444 848 trilo-

250 883 413 975 giam
440 902 605 962 esse,
659 878 749 947 ad
778 880 1057 968 eiusque
1082 880 1468 971 exemplum
1496 901 1650 948 suas
1668 880 1998 949 invenisse
2025 880 2445 972 Aeschylum

250 985 525 1076 trilogias
554 983 791 1051 sciunt.
894 983 990 1051 At
1021 1005 1135 1051 eas
1160 983 1498 1052 finxerunt
1525 983 1677 1075 ipsi.
1782 985 1962 1052 Nam
1990 984 2157 1054 duas
2186 995 2446 1055 tantum

250 1090 375 1158 eius
416 1087 681 1181 generis
739 1086 1041 1179 trilogias
1099 1086 1428 1177 Aeschyli
1474 1097 1663 1155 certo
1725 1089 2029 1180 cognitas
2089 1089 2445 1178 habemus,

250 1191 614 1275 Oresteam,
681 1191 1111 1282 superstitem
1154 1190 1380 1258 adhuc
1394 1241 1414 1276 ,
1482 1199 1551 1259 et
1596 1191 2040 1284 Lycurgiam.
2145 1193 2448 1264 Fuerunt

249 1296 521 1364 fortassis
556 1295 759 1363 etiam
797 1293 1009 1363 aliae:
1063 1293 1187 1363 sed
1215 1316 1450 1363 omnes
1478 1293 1569 1361 ad
1599 1317 1758 1363 eum
1787 1295 2071 1386 modum
2102 1300 2448 1390 composi-

250 1409 337 1468 tas
366 1399 564 1467 fuisse
581 1421 710 1466 nec
735 1397 1056 1466 traditum
1082 1421 1124 1465 a
1140 1420 1487 1489 quoquam
1518 1407 1827 1467 veterum
1854 1400 2264 1492 accepimuS,
2317 1425 2446 1470 nec

248 1526 360 1596 per
401 1527 471 1572 se
514 1502 729 1569 simile
775 1502 918 1570 veri
973 1511 1096 1576 est.
1202 1504 1360 1571 Non
1406 1511 1765 1572 tenuerunt
1815 1513 1998 1572 certe
2045 1506 2154 1572 alii
2194 1514 2445 1597 poetae

249 1607 419 1674 istam
448 1606 817 1690 rationem,
869 1616 1073 1695 atque
1101 1606 1249 1697 ipse
1280 1605 1455 1674 adeo
1492 1606 1875 1698 Aeschylus
1911 1629 2045 1676 uno
2078 1610 2446 1700 complexu

248 1710 435 1778 iunxit
481 1709 852 1794 Phineum,
929 1710 1205 1793 Persa,
1276 1709 1615 1778 Glaucum
1676 1710 2140 1800 Potniensem,
2210 1711 2446 1781 addito

250 1812 633 1881 Prometheo
664 1813 979 1903 satyrico.
1051 1814 1296 1902 Neque
1327 1815 1503 1881 enim
1523 1837 1697 1907 opus
1730 1838 1878 1883 esse
1909 1815 2215 1901 arbitror,
2269 1838 2448 1906 quae

251 1916 326 1984 de
352 1916 587 1984 horum
613 1926 1170 2009 argumentorum
1201 1917 1633 1987 cohaerentia
1656 1919 1922 2010 prolata
1952 1929 2103 1986 sunt
2127 1920 2444 1988 refutare.

251 2017 519 2088 Omnino
554 2029 786 2088 autem
825 2039 1213 2112 perpaucae
1253 2021 1562 2114 trilogiae
1582 2074 1601 2110 ,
1660 2036 1836 2110 quae
1868 2023 1940 2089 in
1986 2024 2181 2092 unius
2220 2046 2432 2117 argu-

248 2124 432 2191 menti
484 2123 943 2214 perpetuitate
998 2124 1442 2210 constiterint,
1509 2134 2006 2195 memorantur:
2062 2126 2150 2195 de
2196 2149 2333 2216 qua
2369 2149 2445 2194 re

249 2225 530 2294 disseruit
570 2226 939 2295 Sssvernius
970 2227 1039 2293 in
1067 2228 1351 2319 egregia
1386 2229 1984 2311 commentatione,
2037 2253 2241 2319 quam
2282 2232 2445 2298 scri-

248 2330 365 2421 psit
393 2329 477 2398 de
509 2329 830 2398 dramatis
870 2330 1102 2399 indole
1141 2329 1489 2418 historica,
1538 2354 1610 2423 p.
1652 2329 1773 2399 38.
1808 2330 1931 2404 43.
1962 2329 2085 2404 45.
2189 2333 2494 2424 Itaque5

250 2433 358 2501 ista
393 2434 648 2502 ratione
699 2433 865 2502 nihil
904 2434 1246 2524 assequuti
1289 2434 1633 2520 videntur,
1685 2436 1810 2503 nisi
1857 2445 1930 2504 ut
1962 2436 2262 2528 potuisse
2304 2447 2443 2506 tres

250 2536 672 2606 Prometheos
712 2537 1208 2629 comprehendi
1236 2560 1373 2605 una
1407 2539 1680 2630 trilogia
1712 2538 2146 2613 concedatur.

427 2641 567 2710 Sed
626 2642 886 2710 habent
953 2642 1157 2714 aliud'.
1260 2642 1762 2735 Philosophum
1809 2643 2016 2712 fuisse
2074 2645 2256 2713 aiunt
2299 2644 2446 2713 Ae-

102 2830 117 2843 ·
250 2741 554 2835 schylum,
607 2746 730 2835 qui
764 2744 950 2835 quod
981 2746 1395 2837 profundam
1421 2748 1605 2814 illam
1644 2748 2062 2839 sapientiam,
2116 2772 2292 2838 quae
2324 2772 2447 2817 an-

248 2844 422 2935 tiquis
454 2850 539 2918 de
572 2849 991 2918 Prometheo
1022 2849 1266 2917 fabulis
1293 2851 1779 2941 contineretur,
1835 2850 2173 2944 explicare
2204 2854 2446 2921 volue-

249 2949 347 3033 rit,
388 2974 518 3020 non
546 2955 614 3020 in
654 2962 855 3045 parte
888 2953 1027 3020 eius
1058 2952 1283 3042 aliqua
1310 2955 1608 3046 potuerit
1638 2955 1998 3023 consistere
2019 3004 2039 3039 ‚
2098 2955 2222 3023 sed
2251 2978 2445 3023 com-

249 3052 650 3142 prehendere
680 3065 895 3124 totam
926 3055 1252 3129 debuerit.
1334 3057 1492 3124 Hoc
1525 3080 1735 3147 quum
1768 3058 2018 3145 dicunt,
2067 3057 2255 3128 idem
2281 3058 2445 3127 mihi

250 3155 532 3227 videntur
556 3160 809 3246 facere,
862 3158 1052 3249 quod
1085 3159 1247 3226 olim
1279 3161 1705 3252 grammatici
1733 3160 2010 3252 quidam
2039 3162 2109 3229 in
2139 3159 2444 3231 Homero

249 3257 451 3331 fecere
467 3314 487 3349 ,
539 3285 754 3353 quum
807 3262 1043 3330 Iovem
1102 3263 1483 3351 aetherem,
1534 3264 1862 3332 Iunonem
1898 3271 2127 3333 ae‘rem
2163 3266 2446 3334 inferio-

248 3383 414 3450 rem,
461 3376 664 3457 atque
700 3366 865 3434 alios
911 3365 1077 3435 deos
1115 3367 1244 3434 alia
1278 3390 1422 3436 esse
1456 3368 1968 3447 contenderunt.
2073 3369 2232 3437 Non
2264 3390 2446 3462 nego

251 3467 501 3565 quidem
543 3492 717 3563 ego,
770 3464 1006 3560 quiqui
1042 3469 1228 3538 illam
1259 3470 1564 3538 fabulam
1589 3471 1701 3539 vel
1731 3472 2126 3540 invenerunt
2164 3474 2276 3540 vel
2305 3495 2444 3540 am-

249 3569 406 3658 plius
437 3582 872 3659 exornarunt,
924 3594 1062 3641 non
1098 3573 1171 3641 id
1212 3583 1468 3643 temere
1502 3583 1619 3643 aut
1662 3575 1861 3644 stulte
1905 3575 2184 3645 fecisse:
2235 3577 2447 3645 immo

250 3680 311 3738 et
338 3674 530 3745 video
557 3687 626 3746 et
669 3677 891 3745 fateor
930 3678 1380 3746 sollertissime
1426 3701 1574 3747 esse
1621 3687 1689 3744 et
1719 3679 2202 3770 sapientissime
2238 3702 2448 3748 exco-

248 3774 543 3866 gitatam:
598 3779 688 3849 de
739 3803 874 3871 qua
916 3804 994 3848 re
1039 3780 1227 3849 haud
1275 3783 1511 3875 paullo
1561 3781 2040 3851 consideratius
2081 3806 2289 3873 quam
2337 3784 2449 3852 alii

251 3880 490 3973 scripsit
514 3881 778 3952 Baurus
795 3885 862 3952 in
882 3886 1253 3954 Annalibus
1265 3886 1386 3954 litt.
1414 3885 2107 3979 Heidelbergensibus
2137 3911 2197 3956 a.
2224 3885 2445 3959 1826.

249 3979 392 4051 fasc.
423 3986 535 4053 vl.
565 4010 639 4079 p.
669 3984 820 4056 691
858 4010 1046 4078 seqq.
1085 3989 1208 4057 sed
1238 3989 1421 4057 aliud
1448 3990 1657 4081 longe
1686 3999 1786 4058 est
1818 3990 2090 4059 fabulae
2120 3992 2448 4060 rationem

252 4105 565 4178 exponere
585 4141 606 4178 ,
680 4090 864 4158 aliud
906 4090 1247 4184 explicare
1297 4094 1646 4162 consillum
1693 4103 1944 4185 poetae
1960 4144 1979 4180 ,
2049 4095 2448 4186 praesertim

251 4191 514 4280 scenici,
566 4195 684 4284 qui
713 4218 849 4263 non
882 4194 1170 4283 docere,
1224 4197 1346 4267 sed
1372 4197 1647 4290 placere
1673 4198 1977 4289 populo,
2031 4207 2180 4284 aut,
2233 4199 2288 4268 si
2315 4197 2448 4265 do-

253 4310 392 4362 cere
410 4345 430 4380 ‚
478 4318 614 4366 non
657 4298 906 4367 docere
950 4318 1081 4392 per
1124 4302 1506 4395 aenigmata
1543 4301 1896 4369 abstrusae
1936 4301 2284 4370 cuiusdam
2335 4323 2448 4368 sa·-

253 4393 555 4486 pientiae,
608 4401 731 4470 sed
757 4425 887 4494 per
910 4403 1063 4471 viva
1094 4406 1536 4490 constantiae,
1588 4404 2016 4488 fortitudinis,
2070 4405 2271 4474 animi
2298 4426 2449 4471 ma-

252 4495 591 4588 gnitudinis
622 4507 940 4600 exempla
968 4507 1148 4578 velit.
1229 4509 1344 4581 Ab
1376 4532 1462 4580 eo
1489 4509 1834 4602 trilogiam
1863 4508 2117 4577 factam
2146 4507 2450 4595 credere,
