3259 5275
1029 480 1196 544 LIB.
1241 480 1352 547 ΠΙ.
1433 479 1633 544 cAP.
1674 482 1739 548 6.
2399 486 2528 549 1⁵9

287 671 859 745 existimaturos
906 670 1068 764 quis
1100 666 1367 766 putet?
1425 670 1519 740 Et
1556 670 1749 764 apud
1781 668 2210 740 Andocidem
2240 672 2521 792 13.131.

292 775 514 867 (184.
567 770 644 871 §.
678 773 836 903 363)
887 774 1132 848 καίτοι
1180 772 1268 849 οὐ
1310 769 1585 873 δήπου,
1641 803 1696 848 ω
1738 769 2186 895 Αθηναῖοι,
2241 772 2514 870 ὀστρα-

287 879 651 976 πεισθῆναι
694 878 833 971 μὲν
893 871 1298 974 ἐπιτήδειός
1342 881 1538 973 εἰμι,
1593 870 1956 952 τεθνάναι
1997 877 2075 951 δὲ
2119 872 2249 950 οὐκ
2297 878 2520 970 ἄξιος,

288 978 471 1055 οὐδὲ
530 978 955 1077 κρινόμενος
1002 981 1140 1073 μὲν
1188 984 1638 1104 ἀποφυγεῖν,
1708 979 2003 1075 ἄκριτος
2061 979 2139 1053 δὲ
2193 975 2520 1074 φεύγειν·

286 1083 332 1157 ο“
364 1086 451 1158 δὲ
496 1078 934 1163 τοσαυτάκις
963 1077 1484 1176 ἀγωνιζόμενος
1512 1087 1800 1162 δικαίως
1829 1080 1949 1153 καὶ
1987 1076 2278 1178 νικήσας
2304 1077 2524 1159 πάλιν

284 1181 596 1280 δόξαιμι
641 1183 744 1260 δι
779 1191 1014 1260 ἐκεῖνα
1062 1191 1424 1278 euacuabo,-
1473 1189 1635 1255 Non
1672 1194 2039 1255 mutassent
2082 1187 2206 1254 viri
2251 1187 2435 1256 docti
2483 1187 2525 1262 ὁ

282 1292 420 1364 δὲ
399 1314 478 1359 m
514 1285 706 1377 οὐδέ,
747 1313 855 1358 ne
878 1289 1045 1380 quid
1071 1289 1159 1359 de
1196 1289 1467 1360 Sluiteri
1498 1300 1746 1359 conatu
1789 1288 2035 1379 dicam,
2087 1289 2143 1358 si
2183 1290 2525 1379 vidissent,

281 1405 650 1486 postrema
673 1394 884 1462 verba
907 1416 1037 1486 per
1066 1394 1663 1488 interrogationem
1689 1394 2027 1486 proferri.·
2074 1392 2265 1462 Sed
2247 1416 2314 1461 ιιι
2342 1394 2525 1464 Ero—

281 1499 431 1567 tico
479 1496 925 1566 Demostheni
974 1497 1225 1565 tributo
1270 1521 1342 1589 p.
1393 1496 1636 1577 1404,
1686 1496 1802 1565 17.
1848 1496 2041 1586 quod
2088 1497 2366 1589 legitur,
2394 1526 2522 1594 τῳ

282 1595 437 1694 γοῖρ
475 1593 794 1673 εἰκάσειέ
825 1625 938 1680 τις
971 1600 1302 1697 θνητων,
1357 1599 1404 1673 ὂ
1450 1594 1840 1674 ἀθάνατον
1888 1605 2042 1681 τοῖς
2084 1599 2366 1673 ἰδοῦσιν
2414 1604 2527 1697 ἐρ·

281 1698 601 1797 riget-m
629 1696 917 1793 πόθονς
970 1703 1093 1771 etsi
1120 1713 1308 1773 recte
1335 1703 1592 1772 dictum
1622 1714 1727 1773 est
1750 1703 1886 1772 hoc
1916 1725 2134 1790 sensu,
2176 1702 2296 1772 cui
2325 1726 2526 1773 com-

272 1815 752 1901 paraturum
789 1805 949 1898 quis
975 1802 1247 1900 putet?
1296 1815 1524 1878 tamen
1551 1831 1689 1877 non
1725 1807 2190 1876 contenderim
2236 1830 2376 1877 non
2409 1817 2527 1878 aut

283 1911 631 2002 scriptum
658 1931 808 1978 esse
835 1932 992 1977 cum
1020 1909 1433 2002 particula*
1379 1939 1473 1984 αν
1490 1962 1508 1992 ,
1562 1920 1680 1980 aut
1708 1911 2009 2004 potuisse
2035 1911 2254 1981 scribi.

506 2012 733 2082 Multo
771 2012 1107 2083 difficilius
1147 2014 1471 2084 iudicium
1519 2023 1624 2084 est
1665 2015 1755 2084 de
1784 2015 1862 2083 iis
1907 2014 2110 2102 locis,
2160 2015 2231 2083 in
2281 2015 2528 2105 quibus

283 2119 443 2188 sine
475 2117 1004 2209 interrogatione
1040 2116 1260 2186 nudus
1290 2119 1552 2210 positus
1586 2129 1694 2188 est
1733 2118 2096 2210 optativae,
2149 2118 2339 2208 quod
2377 2119 2527 2189 fere

283 2232 437 2290 tam
464 2226 668 2289 tenue
698 2243 780 2288 ac
808 2222 1050 2291 subtile
1079 2221 1436 2290 discrimen
1470 2231 1573 2291 est
1590 2270 1612 2307 ,
1664 2230 1740 2292 ut
1771 2245 1908 2290 non
1936 2222 2221 2289 multum
2249 2223 2528 2308 intersit,

285 2336 530 2394 utrum
557 2323 848 2393 addatur
883 2322 976 2397 ἂν
1007 2349 1094 2393 an
1111 2325 1469 2394 omittatur.
1522 2327 1904 2419 Reisigium
1929 2318 2208 2415 quidem
2235 2326 2304 2394 in
2331 2325 2529 2396 huius

285 2428 574 2498 rationis
610 2427 1050 2520 explicatione
1076 2429 1166 2497 ita
1194 2451 1237 2496 a
1267 2451 1430 2498 vero
1471 2430 1821 2499 aberrasse
1859 2438 2032 2522 puto
2046 2479 2068 2515 ,
2121 2438 2197 2498 ut
2219 2422 2419 2519 quod'
2441 2430 2532 2499 de

286 2531 536 2601 addita
589 2531 923 2622 particula
986 2531 1119 2600 dici
1178 2531 1506 2617 debebat,
1584 2533 1679 2601 ad
1739 2535 2054 2602 omissam
2104 2534 2530 2602 transtulerit.

288 2638 530 2723 Quam
579 2637 753 2703 enim
820 2634 1271 2704 conditionem
1324 2637 1834 2731 intelligendam
1892 2638 2254 2724 existimat,
2324 2661 2535 2727 quum

288 2740 551 2809 omissa
590 2749 692 2807 est
732 2739 1106 2830 particula,
1160 2748 1249 2808 ea-
1285 2763 1423 2809 non
1471 2742 1595 2810 nisi
1644 2765 1852 2832 quum
1901 2741 2206 2810 additum
2251 2750 2353 2810 est
2408 2739 2533 2820 ἄν,

287 2842 580 2935 intelligi
619 2851 880 2933 potest:
933 2844 990 2911 si
1023 2841 1298 2933 quidem
1332 2845 1608 2913 omnino
1636 2845 1817 2914 hanc
1844 2846 2131 2914 vidimus
2157 2845 2333 2913 illius
2365 2867 2543 2937 par-a

291 2947 546 3015 ticulae
586 2954 889 3014 naturam
915 2968 1061 3014 esse
1075 2995 1095 3028 ,
1148 2956 1223 3014 ut
1253 2946 1344 3015 ad
1374 2947 1829 3019 conditionem
1856 2951 2153 3041 aliquam
2183 2948 2535 3020 referatur.

291 3046 404 3118 Ita
433 3070 648 3140 quum
676 3047 843 3117 illud
873 3047 1148 3117 Moschi
1170 3050 1222 3119 1.
1253 3047 1325 3119 6.

404 3219 567 3293 ἔστι
597 3214 672 3293 δ’
700 3214 747 3293 ὁ
773 3225 939 3300 παῖς
965 3218 1394 3317 περίσαμος·
1446 3224 1526 3296 ἐν
1556 3223 1784 3297 εἴκοσι
1809 3218 1995 3294 πᾶσι
2025 3214 2308 3314 μάθοις
2333 3248 2479 3309 νιν,

297 3390 398 3458 sic
425 3389 948 3481 interpretatur:
992 3389 1188 3460 inter
1220 3390 1511 3482 quosvis
1557 3390 1825 3485 viginti
1866 3377 2155 3479 noscas,
2199 3390 2267 3463 si
2310 3391 2534 3461 modo

297 3514 616 3562 noscas.-
667 3515 806 3563 non
837 3493 1321 3583 animadvertit,
1373 3494 1447 3563 id
1482 3494 1848 3563 dicendum
1874 3495 2080 3564 fuisse
2107 3489 2386 3589 μα’θοις
2418 3493 2531 3569 ἅν.

297 3597 480 3665 Nam
532 3595 588 3664 si
635 3595 701 3663 in
746 3596 933 3664 nudo
985 3597 1287 3690 optativo
1332 3621 1415 3667 ea
1458 3621 1664 3689 quam
1708 3599 1851 3667 vult
1899 3599 2220 3668 sententia
2264 3600 2533 3686 inesset,

301 3700 512 3792 plane
569 3698 751 3767 aliud
800 3699 1068 3769 dixisset
1110 3699 1440 3792 Moschus
1498 3725 1705 3793 quam
1751 3702 2044 3771 volebat.
2148 3703 2306 3771 Non
2357 3704 2535 3799 enim

307 3801 707 3892 certissime,
760 3802 884 3872 sed
915 3803 970 3872 si
997 3803 1138 3873 fors
1166 3805 1302 3873 fert
1325 3806 1656 3888 noscitur,
1710 3807 1826 3897 qui
1854 3807 2187 3893 noscitur,
2239 3807 2293 3874 si
2326 3805 2535 3874 modo

199 3893 210 3904 ’
307 3906 623 3975 noscitur.
724 3905 938 3996 Atqui
974 3904 1303 3976 Moschus
1338 3932 1472 3978 non
1481 3908 1834 4002 sortasse
1861 3931 2134 3980 noscas
2165 3909 2538 3995 Amorem,

310 4009 430 4078 sed
482 4030 757 4080 noscas
809 4010 1067 4103 opinor
1116 4011 1346 4080 dicere
1388 4013 1615 4081 voluit.
1722 4012 1867 4082 Sed
1924 4036 2096 4105 quos
2141 4013 2208 4081 in
2257 4014 2537 4103 laqueos

311 4135 458 4182 sese
522 4112 935 4205 implicuerit
997 4113 1335 4208 Reisigius
1392 4115 1509 4185 illa
1567 4139 1775 4208 quam
1842 4118 2200 4210 proposuit
2261 4118 2538 4203 ratione,

315 4217 732 4308 apertissime
759 4216 1082 4310 cognosci
1118 4226 1348 4310 potest
1378 4242 1462 4289 ex
1485 4220 1588 4308 iis,
1640 4244 1816 4312 quae
1845 4243 1918 4314 p.
1947 4217 2120 4294 13⁰.
2147 4219 2331 4312 dicit,
2385 4220 2539 4288 Ho-

315 4320 639 4390 mericum
666 4319 837 4389 illud
860 4318 1055 4394 Iliad.
1085 4348 1140 4394 ε.
1176 4318 1349 4391 303.

834 4489 1026 4598 μέγα
1053 4492 1302 4590 ἔργον,
1355 4490 1402 4569 ὃ
1430 4488 1520 4567 οὐ
1554 4488 1685 4568 δύο
1718 4489 1794 4589 γ’
1834 4490 2056 4591 ἄνδρα
2090 4493 2412 4591 φέροιεν,
