3259 5275
978 473 1147 536 LlB.
1192 474 1240 537 1.
1332 473 1527 537 ΟΔΡ.
1573 476 1681 541 12.
2372 480 2464 548 ὦ

239 663 546 734 docidem
578 660 1246 788 p.11.(106.§„
1240 662 1362 735 21.
1411 665 1675 756 Bekk.)
1716 665 1893 787 φέρε
1922 660 2011 757 δή
2038 666 2329 760 τοίνυν,
2384 674 2455 745 εἰ

235 797 343 840 και
376 765 419 842 ὁ
448 792 693 864 πατηρ
728 760 1075 891 ἑβουληο
1105 767 1539 862 ὑπομένειν,
1593 796 1769 851 τους
1794 768 2046 863 φίλους
2074 769 2167 842 ἄν
2198 775 2448 900 offam

232 869 277 966 ἢ
302 874 721 968 ἐπιτρέπειν
755 865 963 963 αὐτῷ
992 875 1278 962 μένειν,
1332 870 1380 970 ἢ
1403 866 1939 996 ἑγγυήσασθαις
1989 868 2159 947 ἄλλ’
2194 871 2327 949 οὐκ
2356 875 2451 950 ἄν

231 979 761 1068 παραιτεῖσθαι
790 972 912 1044 καὶ
935 977 1229 1050 δεῖσθαι
1262 971 1585 1066 α’πιέιναι,
1640 972 1830 1053 ὅπου
1857 975 1950 1049 ἄν
1982 978 2274 1066 ἔμελλεν
2303 1006 2449 1052 αυ-

229 1103 345 1156 τος
370 1070 890 1196 σωθήσεσθαι,
945 1080 1084 1169 ἐμέ
1102 1106 1184 1152 τε
1211 1074 1341 1151 ουίι
1375 1075 1714 1163 ἀπολεῖν,
1765 1078 1807 1147 ἰ.
1846 1102 1904 1149 e.
1955 1078 2078 1148 ubi
2095 1078 2450 1174 suturam

231 1188 408 1260 erat,
441 1188 524 1248 ut
544 1188 616 1249 et
646 1179 802 1272 ipse
828 1182 1124 1249 servari
1139 1191 1422 1275 posset,
1458 1192 1530 1253 et
1561 1207 1678 1254 me
1709 1204 1852 1251 non
1861 1184 2208 1276 perdere
2266 1185 2450 1256 Cae-

230 1293 440 1351 terum
461 1282 952 1353 Schaeferum
934 1307 999 1351 m
1029 1283 1265 1355 Melet.
1304 1310 1394 1356 cr.
1416 1308 1490 1378 p.
1529 1286 1702 1356 131.
1731 1286 2072 1356 brevitatis
2092 1288 2317 1357 studio
2340 1289 2449 1357 di·-

231 1387 392 1455 xisse
420 1397 595 1478 puto
624 1388 918 1477 ἔμελλεν
951 1386 1144 1481 fungi
1171 1389 1322 1458 vice
1348 1391 1720 1482 particulae
1751 1386 1877 1482 ἄν,
1918 1398 2127 1481 atque
2152 1391 2448 1482 ἔμελλεν

233 1482 581 1562 δύσεσθαι
615 1489 802 1558 idem
847 1512 992 1559 esse
1044 1492 1231 1581 quod
1274 1494 1398 1567 ἔδυ
1451 1490 1569 1565 ἄν.
1674 1493 1856 1562 Nam
1911 1503 1987 1561 ut
2027 1516 2235 1586 saepe
2271 1493 2448 1564 haec

229 1602 609 1684 permutare
651 1594 867 1686 possis
885 1642 906 1678 ‚
958 1603 1032 1661 ut
1075 1596 1142 1664 in
1169 1597 1286 1665 illo
1323 1618 1524 1666 versu
1544 1649 1566 1685 ‚
1619 1596 1709 1665 de
1736 1618 1875 1687 quo
1913 1596 2249 1689 disputat,
2303 1595 2445 1668 Or-

230 1695 389 1788 phei
410 1697 485 1764 in
510 1697 774 1789 Argon.
807 1692 1030 1766 1257.

314 1845 366 1947 ἦ
398 1843 596 1942 τάχα
631 1848 751 1921 καὶ
781 1843 1091 1924 δύσεσθ’
1121 1844 1368 1946 Ἀργοῖ
1392 1845 1585 1924 navo?
1606 1847 1866 1945 ssa‘voe'
1898 1852 2221 1944 ἔμελλεν,

136 2068 141 2073 .
226 2013 442 2074 tamen
470 2003 608 2071 hoc
636 2002 972 2095 sig-nificat
988 2004 1339 2096 peritura
1364 2014 1567 2094 erat,
1618 2005 1787 2074 illud
1821 2015 2048 2074 autem
2075 2004 2442 2098 periisset.

225 2107 337 2176 lllo
372 2106 652 2198 quidem
681 2107 752 2174 in
781 2130 980 2176 versu
1012 2108 1068 2177 si
1097 2108 1510 2178 Schaeferus
1536 2110 1740 2178 scribi
1765 2110 2098 2195 iussisset,

312 2259 437 2334 καὶ
468 2252 661 2349 τάχα
690 2285 811 2333 κεν
843 2251 1149 2334 δύσεσθ’
1171 2253 1423 2358 Ἀργοῖ
1448 2254 1644 2333 navo?
1665 2255 1927 2355 sss'rffl'
1955 2260 2295 2352 ἔμελλεν)

225 2416 426 2484 multo
458 2413 533 2483 id
569 2413 786 2507 magis
829 2414 1193 2505 probarem
1210 2464 1231 2502 ‚
1283 2436 1492 2505 quam
1530 2413 1721 2506 quod
1761 2414 2112 2507 vulgatam
2159 2408 2210 2511 ἧ
2247 2406 2443 2506 τάχα

225 2519 333 2590 καὶ
385 2517 708 2587 defendit.
814 2519 970 2590 Κὲν
1016 2519 1193 2586 enim
1238 2519 1586 2609 epicorum
1634 2539 1856 2601 more,
1919 2516 2007 2585 de
2056 2539 2195 2607 quo
2236 2539 2441 2610 supra

224 2620 467 2691 «fictum
480 2672 502 2709 ‚
551 2622 649 2690 ita
684 2629 1001 2714 potuerat
1040 2621 1269 2706 adiici,
1309 2630 1384 2691 ut
1396 2619 1617 2716 sorte
1645 2621 2073 2716 significaret.
2179 2620 2442 2714 vulga*

223 2733 359 2794 tam
397 2747 562 2795 vero
607 2747 818 2816 quum
863 2747 1000 2817 ego
1040 2726 1110 2793 in
1160 2726 1696 2795 adnotationibus
1740 2725 1832 2794 ad
1869 2722 2233 2817 Orpheum
2266 2747 2441 2819 pro-

221 2838 450 2920 pterea
480 2828 729 2911 reieci,
781 2828 970 2919 quod
1001 2829 1197 2921 epica
1237 2829 1454 2898 oratio
1479 2829 1597 2902 καὶ
1625 2823 1817 2918 ἰα’χα
1846 2828 2254 2920 postularet,
2308 2828 2441 2895 mi·-

223 2954 323 3001 ror
353 2954 461 3001 me
476 2933 736 3002 nescire
763 2932 976 3000 visum
999 2954 1147 3001 esse
1177 2931 1577 3022 Schaefem,
1617 2931 1808 3024 quod
1832 2932 1942 3001 vel
1973 2932 2170 3023 pueri
2201 2930 2438 3011 sciunt,

224 3029 266 3130 ἦ
309 3063 505 3127 ταχα
560 3034 947 3127 saepissime
990 3034 1177 3128 apud
1217 3035 1449 3127 epicos
1497 3035 1674 3127 legi,
1739 3057 1877 3104 non
1920 3044 2147 3103 autern
2192 3031 2439 3102 vidisse

228 3160 394 3228 eum,
443 3138 569 3209 has
599 3162 827 3225 voces,
880 3139 1069 3229 quod
1096 3138 1281 3206 initio
1313 3160 1532 3207 novae
1561 3138 1877 3207 orationis
1912 3137 2250 3223 faciendo,
2301 3158 2437 3233 non

230 3240 703 3311 continuandae
768 3242 1046 3310 orationi
1103 3242 1498 3326 inserviant,
1567 3264 1610 3309 a
1656 3264 1769 3310 me
1814 3264 1966 3309 esse
2007 3242 2435 3332 vituperatas.

228 3341 371 3414 Boe
402 3368 574 3439 ergo
616 3345 915 3414 refutare
956 3343 1290 3432 debebat,
1341 3345 1397 3414 si
1441 3344 1811 3414 defendere
1837 3344 2042 3415 vellet
2066 3344 2434 3435 vulgatam.

410 3450 667 3520 Parum
696 3448 923 3518 differt
954 3449 1154 3517 etiam
1185 3450 1382 3548 ἔφην.
1435 3449 1778 3517 Homerus
1806 3444 1943 3517 od.
1973 3448 2034 3519 δ.
2071 3444 2244 3515 171.

320 3600 435 3675 καί
464 3629 603 3696 μιν
634 3602 816 3698 ἔφην
855 3594 1170 3674 ἐλθόντα
1205 3602 1600 3697 φιλησέμεν
1638 3601 1887 3690 ἔξοχον
1920 3597 2153 3672 αλλων

321 3699 711 3801 ’ᾞΑργειων
766 3707 839 3777 εἰ
857 3716 1030 3775 νωιν
1059 3700 1268 3792 vineto
1299 3701 1441 3776 αλα
1475 3698 1741 3824 vom-oy
1776 3706 2032 3777 ἔδωκεν

317 3806 516 3904 νηυσὶ
551 3806 781 3904 θοῇσι
818 3808 1162 3908 γενέσθαι
1193 3801 1597 3899 Ολύμπιος
1621 3800 1946 3904 εὐρύοπα
1983 3798 2192 3885 Ζεύς.

229 3953 654 4049 Sperabam.
757 3960 1002 4051 Neque
1039 3959 1214 4028 enim
1236 3961 1493 4052 poteris
1530 3982 1924 4055 opponere,
1979 3967 2065 4029 at
2087 3979 2231 4027 non
2265 3980 2433 4051 spe-
2505 3978 2509 3982 ·

228 4065 418 4134 ravi:
472 4063 597 4133 sed
637 4071 723 4134 at
749 4086 893 4133 non
916 4063 1126 4132 venit.

408 4166 681 4236 Eadem
744 4167 1035 4257 denique
1098 4166 1300 4235 etiam
1343 4166 1535 4235 verbi
1604 4155 2018 4259 ἐβουλόμην
2072 4161 2439 4252 aliquando

227 4269 383 4337 ratio
413 4280 535 4340 est.
645 4270 790 4340 Sed
822 4270 960 4338 hoc
1000 4271 1281 4338 verbum
1309 4271 1363 4337 si
1391 4292 1570 4338 nunc
1600 4268 1812 4337 habet
1846 4264 2230 4334 adiunctam
2271 4286 2439 4356 par-

226 4367 477 4443 ficulam
496 4422 518 4459 ‚
569 4397 749 4442 nunc
790 4396 929 4443 non
971 4373 1217 4460 habet,
1269 4372 1704 4442 tribuendum
1745 4370 1823 4439 id
1866 4377 1968 4438 est
2018 4367 2439 4461 ambiguitati

227 4471 728 4566 dgnfficnfionis.
779 4476 1151 4547 Aeschines
1204 4499 1264 4545 c.
1315 4475 1623 4569 ctesiph.
1672 4497 1811 4543 non
1858 4474 2068 4565 longe
2121 4471 2209 4540 ab
2256 4470 2442 4539 initio

315 4578 551 4653 Ηιιιιιι.
607 4578 744 4650 01».
794 4580 949 4673 lv„
1962 4575 2027 4642 E
