3259 5275
899 465 1852 533 nlssERTATIO.
2370 475 2503 543 ,ω

161 631 183 650 ’
278 658 527 748 Neque
574 658 767 726 enim·
800 657 1345 753 distinguendum
1382 658 1646 730 videtur
1665 710 1687 749 ,
1740 657 2057 734 όπλιτοῖν
2076 718 2102 751 ,
2157 667 2498 759 πρυλέων.

281 759 864 855 Cynegeficorum
887 764 1179 855 scriptor
1206 775 1431 833 autem
1443 787 1574 857 pro
1596 763 1912 833 confertis
1935 767 2168 857 posuit
2183 768 2297 837 ΙΙΙ.
2333 767 2504 841 12⁴.

1532 900 1652 974 τοὶ
1681 897 1756 974 δ’
1784 900 1930 997 άρα
1966 903 2191 977 δειλοὶ

487 1006 723 1091 τεῖχος
752 997 883 1074 ὕπ’
916 998 1357 1099 εὐπτέρυγον
1389 1006 1686 1098 πρυλέες
1714 1005 2039 1103 τρίζουσι
2071 1007 2378 1081 νεοσσοί.

273 1138 421 1238 Sed
461 1149 801 1232 praestat,
866 1161 951 1207 ex
987 1140 1179 1231 ipso,
1232 1140 1287 1208 si
1327 1141 1477 1209 fieri
1524 1149 1789 1234 potest,
1841 1143 2148 1211 Homero
2194 1146 2498 1237 explica-

273 1245 537 1311 tionem
566 1251 827 1334 petere.
935 1241 998 1311 Is
1044 1265 1129 1310 eo
1163 1244 1537 1327 vocabulo,
1589 1241 1867 1337 praeter
1898 1269 2059 1315 eum
2092 1248 2323 1317 locum
2345 1251 2462 1340 qui

272 1355 381 1415 est
411 1345 503 1415 de
537 1347 739 1439 galea
768 1344 1143 1437 Minervae,
1196 1355 1299 1415 ter
1329 1369 1485 1416 usus
1511 1347 1860 1417 invenitur.
1964 1349 2156 1424 Iliad.
2187 1351 2339 1420 XII.
2373 1352 2493 1422 w.

270 1448 713 1540 Polydamas,
753 1450 1073 1540 quoniam
1100 1471 1312 1538 equos
1342 1473 1470 1543 per
1500 1451 1754 1521 fossam
1771 1451 2194 1523 Graecorum
2215 1454 2499 1549 adigere

268 1554 733 1644 periculosum
767 1576 916 1622 esse
948 1552 1169 1638 videt,
1221 1553 1399 1622 haee
1426 1554 1702 1624 suadet:

486 1697 746 1772 ἵππους
776 1689 916 1784 μὲν
953 1681 1407 1786 θεράποντες
1440 1684 1844 1788 ἐρυκόντων
1874 1690 1990 1764 ἐπὶ
2020 1686 2316 1793 τάφρφ,

468 1789 704 1918 ἀὐτοὶ
736 1795 812 1868 δὲ
846 1795 1140 1917 πρυλέες
1173 1785 1306 1917 σιῖν
1332 1785 1618 1915 varix-{oa
1655 1796 2166 1891 θωρηχθέντες

498 1899 782 1994 Εκτορι
815 1921 1080 1978 παντες
1109 1901 1415 1989 ἑπωμεθ
1499 1899 1807 1980 αολλέες.

267 2049 369 2118 Et
396 2047 536 2117 hoc
565 2048 844 2141 quidem
873 2049 1030 2121 loco
1059 2050 1515 2143 grammaticis
1541 2050 1807 2143 pedites
1840 2052 1959 2122 visi
1997 2063 2151 2123 sunt
2182 2076 2493 2123 necessa-

268 2154 376 2221 rio
407 2153 824 2247 intelligendi
854 2177 1022 2223 esse.
1098 2154 1426 2224 Geminus
1452 2153 1613 2223 huic
1643 2165 1746 2224 est
1768 2155 1934 2224 alius
1961 2156 2030 2224 in
2052 2157 2168 2227 Xl.
2198 2180 2239 2225 a
2267 2181 2328 2229 v.
2366 2158 2491 2232 47.

487 2304 762 2404 ἡνιόχῳ
790 2306 928 2401 μὲν
956 2307 1210 2382 ἔπειτα
1249 2307 1346 2402 ἑῷ
1378 2308 1752 2382 ἐπέτελλεν
1781 2313 2078 2390 ἕκαστος

492 2417 750 2493 ἵππους
777 2405 864 2483 εὖ
893 2403 1086 2484 κατά
1110 2404 1385 2503 κόσμον
1414 2413 1756 2534 ἐρυκέμεν
1784 2406 1971 2485 αὖθ’
1997 2409 2113 2484 ἐπὶ
2137 2405 2396 2511 τάφρῳ
2419 2432 2435 2448 ·

483 2508 698 2586 αὐτοὶ
738 2512 816 2587 δὲ
850 2515 1146 2611 πρυλέες
1177 2507 1308 2586 συ“ν
1337 2538 1625 2604 τευχεσι
1662 2514 2164 2613 θωρηχθέντες

481 2610 786 2715 ῥώοντ’·
838 2614 1188 2711 ἄσβεστος
1216 2614 1292 2691 δὲ
1314 2609 1461 2713 βοή
1489 2613 1727 2711 γένετ’
1758 2614 1956 2715 η’(ὅθι
1984 2611 2150 2715 πρό.

480 2713 695 2815 φθάν
732 2720 810 2795 δὲ
834 2715 1007 2812 μέγ’
1035 2712 1319 2817 ἱππήων
1348 2720 1465 2794 ἐπὶ
1496 2715 1755 2820 τάφρφ
1785 2721 2308 2820 κοσμηθέντες·

479 2822 736 2921 ἱππῆες
768 2819 839 2895 δ’
875 2818 1119 2918 ὀλίγον
1142 2821 1617 2917 μετεκίαθον.
2099 2871 2110 2885 ·

269 2976 494 3046 Huius
541 2975 679 3044 loci
723 2976 1080 3069 explicatio
1106 2976 1368 3069 pendet
1409 2999 1495 3046 ex
1520 2977 1743 3070 primo
1776 2997 1975 3045 versu
1992 3025 2014 3063 ,
2068 2998 2270 3066 quem
2309 2986 2493 3047 recte

268 3081 745 3172 interpretatus
780 3090 885 3149 est
909 3081 1335 3150 scholiastes:
1366 3081 1484 3170 qui
1512 3103 1690 3170 quae
1718 3078 2009 3175 scripsit,
2029 3079 2122 3147 ita
2152 3090 2302 3147 sunt
2333 3102 2489 3148 cor-

272 3181 603 3275 rigenda:
673 3176 1174 3275 ἐντειλάμενοι
1217 3189 1370 3264 τοῖς
1412 3175 1734 3281 ἡνιόχοις
1776 3188 1848 3255 οἱ
1892 3175 2327 3275 παραβάται
2375 3184 2493 3254 ἐπὶ

271 3286 368 3383 τῇ
426 3279 687 3381 τάφρῳ
740 3280 874 3360 σῦν
936 3292 1091 3368 τοῖς
1139 3293 1385 3368 ἵπποις
1423 3282 1816 3380 ἀναμένειν
1864 3277 2162 3369 αὐτούς,
2226 3290 2304 3359 ἐν
2344 3282 2490 3379 ὅσῳ

281 3383 449 3471 τούς
491 3396 750 3470 ἵππους
777 3393 1037 3464 ἐκεῖνοι
1067 3382 1517 3481 ζευγνόουσι,
1567 3388 1689 3462 καὶ
1722 3384 1938 3460 αὐτοὶ
1974 3382 2131 3479 ἅμα
2161 3393 2313 3469 τοῖς
2351 3414 2490 3460 πε-

274 3497 417 3577 ζοῖς
456 3491 921 3585 διαβαίνουσι
958 3484 1095 3588 τήν
1123 3484 1427 3587 ’τάφρον
1441 3547 1471 3580 ,
1522 3491 1647 3564 καὶ
1678 3496 1942 3565 ἐκεῖνοι
1976 3486 2152 3582 μετ’
2183 3485 2273 3563 οὐ
2302 3484 2492 3565 πολΰ

274 3589 970 3689 καταλαμβάνουσιν
1007 3592 1164 3689 ἅμα
1207 3600 1361 3676 τοῖς
1411 3602 1677 3676 ἵπποις.
1781 3592 2014 3661 Videri
2049 3602 2331 3685 possunt
2376 3592 2491 3662 hic

275 3720 551 3789 quoque
593 3698 860 3790 pedites
899 3699 1064 3767 dici:
1117 3698 1242 3767 sed
1283 3709 1511 3767 tamen
1538 3719 1665 3766 nec
1710 3697 2070 3766 necessitas
2103 3697 2241 3765 ulla
2282 3698 2491 3790 cogit,

275 3802 433 3891 quia
480 3802 684 3870 etiam
733 3804 786 3871 si
831 3803 1037 3894 plane
1081 3803 1350 3871 abesset
1388 3803 1504 3870 illa
1551 3822 1722 3884 vox,
1774 3799 1957 3869 idem
2001 3799 2371 3884 diceretur,
2422 3811 2493 3868 et

276 3906 643 3996 permirum
670 3915 808 3987 est,
859 3905 1047 3997 qnod
1073 3906 1257 3991 alibi,
1311 3907 1429 3996 qui
1452 3904 1688 3973 relicto
1717 3926 1917 3971 curru
1944 3903 2015 3972 in
2044 3904 2191 3971 solo
2226 3912 2472 3972 stantes
2489 3927 2539 3996 3

276 4008 531 4100 aliquid
575 4019 828 4103 agunt,
883 4020 1265 4079 constanter
1306 4007 1513 4096 πεζοὶ
1531 4016 1878 4075 vocantur.
1981 4005 2092 4075 Ex
2137 4029 2276 4096 quo
2305 4017 2490 4076 recte

278 4114 602 4205 colligere
626 4113 955 4200 videmur,
1007 4113 1191 4181 aliud
1216 4111 1601 4204 significari.
1687 4111 1794 4179 Ac
1822 4120 2344 4202 peropportune
2367 4133 2489 4178 ac-

279 4216 475 4305 cidit,
528 4226 603 4284 ut
631 4217 899 4286 tertium
925 4216 1113 4309 apud
1137 4217 1517 4297 Homerum
1557 4214 1946 4308 exemplum
1984 4222 2233 4300 exstet,
2283 4213 2491 4303 idque

278 4322 492 4414 magis
521 4343 728 4410 quam
757 4321 1106 4413 superiora
1131 4321 1248 4388 illa
1275 4319 1737 4412 perspicuum.
1841 4315 2034 4388 Iliad.
2065 4316 2251 4385 xxl.
2279 4314 2401 4387 9⁰.

481 4470 648 4565 ἦτοι
682 4467 816 4547 τόν
849 4467 1195 4569 πρώτοισι
1224 4466 1423 4566 μετά
1456 4472 1834 4569 πρυλέεσσι
1878 4462 2292 4562 δάμασσας,

378 4594 624 4665 Helm.
669 4593 805 4666 ΟΡ.
856 4594 973 4664 lv.
1995 4587 2066 4656 T
