3259 5275
749 443 883 508 m
1010 435 1128 500 DE
1171 433 1647 500 AEscnYm
1691 431 2284 500 PROMETHEO
2326 431 2703 496 SOLVTO

752 632 899 702 Iam
946 632 1225 716 mirum,
1287 650 1371 696 ac
1402 626 1629 718 pou‘us
1661 624 1994 694 absoum
2027 647 2175 694 esse
2204 624 2469 707 dicunt,
2521 648 2673 695 eam
2706 649 2967 720 rupem,

751 737 822 807 ‘m
860 758 997 827 qua
1021 731 1351 803 haerebat
1377 728 1824 800 Prometheus
1841 781 1863 818 ‚
1914 729 1984 797 iu
2008 731 2324 822 proxima
2355 728 2586 798 fabula
2618 755 2658 799 e
2685 725 2972 823 Scythia

753 841 825 909 in
858 839 1239 909 Caucasum
1265 858 1412 905 esse
1442 833 1868 902 translatam:
1921 841 2362 925 quapropter,
2391 855 2611 923 ,quum
2637 833 2705 902 in
2731 834 2972 904 Soluto

755 940 1168 1012 Prometheo
1204 938 1495 1007 dubitari
1528 936 1617 1005 de
1655 933 1969 1005 Caucaso
1993 958 2135 1004 non
2161 946 2424 1028 posset,
2474 959 2832 1029 perversas
2861 939 2973 1006 in-

756 1045 1269 1139 terpretationes
1324 1041 1398 1110 in
1454 1040 1701 1108 Vincta
1745 1040 2158 1130 imenerunt.
2265 1039 2419 1108 Stat
2457 1063 2621 1108 vero
2677 1063 2813 1109 nec
2860 1065 2973 1110 re-

756 1148 1013 1217 moveri
1051 1155 1284 1238 potest
1314 1144 1430 1212 illa
1463 1142 1931 1234 discrepantia.
2038 1142 2250 1226 Quod
2280 1143 2335 1210 si
2380 1144 2778 1212 coniunctae
2822 1143 2979 1214 fue·

755 1261 909 1322 runt
939 1251 1073 1319 hae
1101 1247 1522 1341 tragoediae,
1571 1245 1736 1314 nihil
1766 1246 2183 1335 relinquitur,
2235 1246 2356 1314 nisi
2385 1256 2461 1315 ut
2488 1266 2755 1339 rupem,
2801 1270 2983 1337 quae

758 1355 1023 1424 deiecta
1064 1355 1134 1423 in
1157 1397 1163 1402 -
1184 1361 1509 1420 tartarum
1562 1350 1820 1432 fuerat,
1873 1349 2006 1416 alio
2051 1348 2208 1416 loco
2253 1350 2603 1418 emersisse
2654 1349 2982 1420 dicamne.

758 1460 885 1526 Est
921 1458 994 1527 id
1030 1479 1193 1526 sane
1226 1456 1504 1523 mirum:
1557 1451 1682 1521 sed
1720 1452 1775 1520 si
1804 1450 2199 1520 mutandum
2227 1474 2373 1521 esse
2402 1453 2626 1521 locum
2659 1453 2985 1523 iudicavit

661 1578 758 1649 13
772 1573 999 1655 poeta,
1050 1583 1185 1628 non
1228 1560 1372 1627 sine
1421 1578 1657 1625 caussa
1696 1555 1893 1624 fecit:
1945 1577 2103 1622 nam
2150 1555 2222 1622 in
2272 1554 2580 1624 Caucaso
2618 1557 2982 1626 liberatum

762 1688 910 1734 esse
958 1661 1448 1733 Prometheum
1499 1660 1684 1727 fama
1737 1657 2036 1728 ferebat:
2105 1667 2176 1727 et
2227 1658 2392 1726 dixit
2437 1659 2723 1730 fortasse
2777 1663 2981 1729 etiam

761 1767 1013 1859 aliquid
1048 1766 1138 1835 de
1187 1789 1271 1835 ea
1295 1787 1394 1837 re.
1448 1762 1790 1855 Expedita
1817 1784 1983 1830 vero
2015 1772 2168 1829 sunt
2200 1763 2445 1847 omnia,
2495 1764 2552 1831 si
2579 1764 2980 1857 tragoediae

757 1873 914 1942 illae
965 1869 1240 1939 diversis
1288 1876 1448 1937 sunt
1496 1866 1914 1957 temporibus
1956 1866 2266 1957 scriptae.
2371 1865 2727 1935 Disiunctis
2777 1871 2979 1950 enim,

758 1997 982 2066 neque
1013 1972 1326 2050 obstabat
1342 1967 1757 2061 quidquam,
1808 1991 1950 2059 quo
1979 1968 2195 2037 minus
2226 1978 2437 2061 poeta
2465 1970 2534 2037 in
2563 1972 2978 2041 Prometheo

758 2080 1002 2150 Soluto
1030 2084 1424 2167 sequeretur
1456 2072 1646 2165 quod
1683 2072 1932 2140 caeteri
1963 2070 2424 2155 tradidissent3
2475 2073 2543 2140 in
2577 2074 2826 2143 vincto
2856 2098 2979 2143 au-

759 2196 899 2253 tem
926 2182 1281 2266 inveniret,
1336 2177 1523 2268 quod
1562 2175 1825 2245 Oceani
1862 2175 2240 2244 numinibus
2274 2175 2681 2245 advocandis
2708 2177 2978 2248 videre-

758 2299 873 2356 tur
901 2281 1489 2353 accommodatius.
1546 2279 1758 2365 Quod
1792 2280 1848 2348 si
1874 2278 2145 2371 longius
2176 2277 2506 2371 progredi
2536 2281 2979 2350 coniectando

759 2391 951 2474 licet,
1016 2397 1332 2478 tempore
1386 2384 1577 2475 prior
1618 2383 1838 2452 factus
1895 2403 2045 2451 esse
2102 2382 2377 2450 Solutus
2439 2382 2656 2453 videri
2712 2386 2980 2477 poterit.

653 2506 659 2514 '
762 2493 997 2578 Quum
1023 2491 1200 2559 enim
1223 2539 1244 2575 ‚
1296 2489 1413 2578 qui
1442 2487 1669 2578 primo
1699 2484 1976 2575 aliquod
2022 2494 2498 2578 argumentum
2536 2496 2820 2565 tractat,
2876 2488 2983 2556 fa-

764 2596 951 2664 cilius
990 2594 1059 2661 in
1110 2591 1449 2660 communi
1491 2589 1676 2658 fama
1729 2587 2145 2680 acquiescat,
2211 2611 2434 2679 neque
2479 2590 2607 2659 erit
2660 2592 2852 2682 quod
2895 2592 2983 2662 de

762 2698 1048 2790 Scythia
1094 2717 1249 2764 cum
1294 2695 1604 2764 Caucaso
1652 2701 2062 2761 commutata
2093 2715 2454 2783 queramur
2472 2742 2494 2779 ‚
2545 2719 2674 2764 nec
2707 2706 2980 2788 pertur-

759 2802 1076 2873 babimur
1122 2799 1248 2868 illis
1291 2797 1566 2891 triginta
1605 2818 1938 2865 annorum
1989 2797 2316 2885 millibus,
2381 2805 2457 2864 ut
2496 2799 2735 2889 positis
2774 2822 2984 2890 quum

761 2905 1063 2977 nondum
1104 2901 1195 2972 de
1241 2900 1476 2971 Inachi
1510 2899 1652 2969 filia
1696 2899 1788 2968 ad
1829 2899 2316 2970 Prometheum
2360 2899 2765 2971 adducenda
2811 2912 2986 2972 esset

763 3032 848 3079 co
900 3011 1155 3080 ‘tatum

847 3033 922 3103 g!
968 3108 1286 3203 Opposui
1318 3104 1538 3174 dubiis
1578 3102 1806 3193 dubia,
1857 3104 2125 3173 incertis
2153 3105 2431 3192 incerta,
2482 3107 2620 3175 no'n
2652 3106 2787 3176 alio
2819 3122 2986 3177 con-

763 3214 910 3284 silio
923 3262 945 3300 ‚
996 3234 1200 3305 quam
1245 3232 1332 3279 ne
1367 3219 1624 3279 temere
1662 3230 1794 3300 pro
1840 3208 2013 3276 veris
2057 3207 2507 3278 venderentur
2520 3257 2542 3295 ‚
2596 3233 2775 3299 quae
2815 3234 2985 3303 pos-

767 3327 918 3387 sent
951 3319 1151 3386 etiam
1175 3337 1312 3384 non
1337 3336 1501 3381 vera
1529 3333 1696 3380 esse.
1799 3309 2076 3379 Addam
2101 3310 2206 3379 his
2241 3334 2483 3402 unum,
2537 3314 2755 3407 magis
2784 3316 2988 3383 etiam

768 3421 1085 3507 dubium,
1139 3416 1263 3487 sed
1295 3418 1758 3508 opportunum
1801 3413 2085 3482 fortasse
2125 3415 2432 3508 trilogias
2460 3439 2688 3487 rerum
2727 3440 2991 3512 perpe·

765 3525 998 3594 tuitate
1042 3520 1481 3611 cohaerentes
1532 3517 1905 3586 amantibus
1920 3568 1941 3604 ‚
1992 3518 2046 3586 si
2083 3516 2114 3583 1
2116 3517 2339 3609 gnifer
2370 3520 2822 3590 Prometheus
2857 3544 2992 3591 non

766 3628 968 3697 fuerit
1006 3621 1383 3717 tragoedia.
1451 3622 1631 3689 Nam
1666 3621 1790 3689 etsi
1820 3642 2047 3711 neque
2071 3620 2142 3688 in
2171 3620 2395 3691 indice
2427 3623 2752 3716 Aeschyli
2785 3625 2990 3695 fabu-

767 3731 986 3801 larum
1024 3729 1101 3798 Io
1133 3726 1475 3817 adscripta
1503 3732 1643 3810 est,
1698 3745 1919 3814 neque
1955 3724 2044 3790 ab
2083 3724 2225 3792 aliis
2251 3728 2686 3820 scriptoribus
2721 3751 2992 3797 memo-

728 3914 735 3919 ,
768 3843 950 3912 rata..
1000 3844 1268 3914 tamen,
1319 3828 1436 3920 qui
1481 3827 1644 3896 alias
1678 3825 2005 3918 Aeschyli
2049 3830 2437 3920 tragoedias
2483 3832 2761 3901 Latinas
2808 3832 2992 3918 fecit,

768 3938 1023 4025 Attius,
1074 3937 1313 4006 Ionem
1346 3931 1648 4024 scripsit,
1700 3941 1775 3998 ut
1804 3931 2043 4000 saltem
2080 3954 2217 4000 non
2261 3934 2629 4004 absurdum
2659 3935 2992 4023 videatur,

775 4065 922 4111 eam
954 4064 1038 4109 ex
1066 4037 1314 4108 eodem
1338 4036 1528 4104 fonte
1556 4034 1837 4126 petitam
1871 4033 2211 4126 suspicari.

979 4143 1194 4237 Igitur
1233 4139 1323 4208 de
1361 4137 1775 4206 Prometheo
1818 4136 2060 4206 Soluto
2104 4136 2271 4205 nihil
2300 4148 2726 4230 compertum
2770 4140 2991 4211 habe-

773 4271 921 4318 mus
937 4299 957 4335 ‚
1009 4266 1217 4336 quam
1257 4241 1327 4310 in
1366 4241 1700 4333 principio
1737 4239 2011 4310 fabulae
2043 4241 2323 4309 Titanes
2351 4253 2718 4336 peragrata
2746 4266 2992 4338 magna

773 4363 973 4444 parte
1005 4347 1188 4418 orbis
1232 4354 1560 4413 terrarum
1596 4342 1686 4411 ad
1730 4343 2111 4413 Caucasum
2159 4343 2399 4414 adesse
2416 4395 2436 4429 ‚
2491 4348 2864 4417 cruciatum
2889 4349 2990 4416 vi-

770 4475 968 4524 suros
994 4451 1195 4521 vincti
1224 4457 1429 4539 atque
1462 4448 1728 4537 aquilae
1754 4448 2085 4516 morsibus
2110 4448 2336 4517 laniati
2365 4449 2625 4534 fratris;
2674 4461 2841 4544 post
2867 4473 2987 4521 eo-
