3259 5275
1092 494 1708 560 COLVTHI.
2379 506 2507 568 218

314 683 561 776 telligo.
665 681 946 753 Mecum
1007 686 1202 754 sentit
1263 684 1576 755 Graefius
1595 736 1617 773 ‚
1691 687 1874 756 cuius
1939 689 2341 783 perelegans
2404 701 2506 760 est

314 788 720 871 coniectura,
1885 849 1892 855 .

504 938 829 1038 χρυσείῃς
863 935 937 1013 δ’
968 934 1321 1036 ἑκάτερθε
1351 943 1873 1039 τινασσομένης
1902 944 2359 1035 πλοκαμΐδος.

502 1093 587 1163 V.
619 1090 740 1161 26.
767 1094 1049 1187 legitur.

402 1243 572 1320 οὐδ’
607 1240 802 1340 αὕτη
830 1245 1189 1338 βασίλεια
1195 1273 1310 1318 και
1345 1243 1689 1347 ἁρμονίης
1716 1244 2125 1371 Ἀφροδίτη

282 1391 287 1398 ·
398 1352 753 1448 ἐρχομένη
784 1343 1098 1445 δήθυνεν
1129 1354 1217 1423 ἐπ
1234 1345 1499 1422 αλσια
1527 1346 2016 1447 Κενταύροιο.

302 1502 650 1574 Secundus
672 1499 882 1570 codd.
916 1500 1126 1570 Paris.
1165 1500 1284 1573 καὶ
1330 1499 1699 1600 ἄρμοδίης.
1804 1503 2064 1574 Censor
2090 1504 2501 1575 Heidelber-

300 1606 515 1700 gensis
561 1604 849 1675 coniecit
880 1603 1391 1702 συναρμονίης,
1445 1628 1918 1697 quam‘vocem
1950 1607 2405 1677 Schneiderus
2431 1609 2500 1677 in

299 1710 555 1780 lexicon
584 1731 782 1778 suum
806 1714 882 1776 ut
911 1706 1110 1775 valde
1138 1706 1415 1775 dubiam
1447 1710 1673 1778 nescio
1705 1710 1887 1780 unde
1919 1712 2247 1783 intulerat.
2324 1712 2497 1780 Pus-

299 1814 511 1883 sovius
555 1813 803 1885 omisit.
866 1809 1249 1879 Wernikius
1300 1811 1504 1884 alium
1542 1813 1792 1903 requiri
1832 1815 2206 1906 genitivum
2242 1814 2497 1900 videns,

297 1917 495 1985 latere
525 1939 687 1985 eum
716 1916 786 1982 in
813 1936 984 1982 voce
1013 1909 1199 2010 αὕτη
1186 1905 1529 2005 putabat.
1594 1916 1699 1984 Ita
1731 1918 1934 1985 sensit
1964 1919 2165 1987 etiam
2191 1918 2307 2009 qui
2334 1913 2496 1990 οὐδ

297 2014 567 2116 ἀπάτης
592 2017 931 2111 βασίλεια
971 2016 1289 2102 coniecit,
1346 2017 1531 2108 quod
1567 2042 1705 2087 non
1750 2020 2102 2091 convenire
2141 2019 2300 2089 huic
2340 2019 2496 2088 loco

295 2132 469 2191 recte
517 2121 781 2190 monuit
833 2118 1168 2189 Graefius.
1271 2119 1347 2188 Si
1385 2121 1694 2212 genitivis
1740 2123 1885 2192 aliis
1924 2146 2098 2215 opus
2151 2133 2296 2218 est,
2360 2124 2495 2192 tale

296 2225 447 2316 quid
471 2225 802 2316 scriptum
836 2222 1159 2314 suspicari
1184 2221 1446 2306 licebit,
1499 2219 1663 2297 οὐδ
1693 2218 1885 2348 αὕτη
1910 2224 2244 2322 βασίλεια
2276 2251 2495 2318 χορο-

294 2330 591 2403 πλεκέων
656 2324 1017 2418 ὑμεναίων
1071 2322 1190 2396 καί
1238 2329 1608 2420 γλυκεροῖο
1664 2321 1939 2400 πόθοιο
1981 2328 2102 2400 και
2147 2326 2495 2425 ἁρμονίης

293 2426 709 2528 Αφροδίτη.
815 2429 935 2497 Sin
964 2428 1216 2513 minus,
1267 2429 1487 2520 potuit
1525 2429 1639 2497 ille
1669 2430 1980 2499 scribere
2021 2428 2203 2503 καθ
2243 2428 2490 2526 οἱρμο-

294 2532 470 2632 νίην,
522 2542 600 2602 ιιι
632 2527 820 2622 μεθ’
863 2527 1218 2627 ἁρμονίην
1244 2524 1685 2631 Αφροδίτης
1726 2534 2047 2625 scriptum
2076 2542 2178 2601 est
2203 2557 2268 2608 v.
2311 2530 2486 2605 375.

294 2635 375 2706 de
405 2660 540 2727 quo
565 2657 769 2706 versu
810 2633 985 2702 infra
1013 2633 1290 2702 dicetur.
1398 2633 1576 2720 Sed,
1631 2637 1684 2703 si
1712 2659 1947 2705 verum
1976 2635 2170 2705 fateri
2198 2646 2488 2730 oportet,

292 2739 445 2809 nihil
474 2740 588 2808 hic
620 2738 789 2807 certi
816 2739 955 2807 sine
984 2735 1215 2806 libris
1195 2738 1475 2805 inveniri
1502 2747 1752 2829 potest.
1835 2741 1839 2746 ’

480 2842 564 2912 V.
606 2839 731 2910 46.
796 2840 1078 2910 Eridis
1059 2863 1159 2908 ltu
1193 2839 1285 2907 ud
1330 2841 1564 2932 epulas
1611 2864 1751 2910 non
1791 2850 2071 2914 vocatae
2110 2839 2215 2910 his
2264 2838 2484 2909 verbis

291 2943 716 3015 describitur.

382 3091 691 3173 πολλάκι
723 3092 797 3170 δ’
825 3090 1193 3188 συλᾶιγγος
1223 3088 1375 3169 οἷπο
1397 3100 1731 3190 κλισμοῖο
1761 3098 2096 3189 θοροῦσα

382 3207 644 3275 ἵστατο
674 3228 795 3273 και
823 3198 1254 3292 παλίνορσος
1283 3199 1609 3293 ἐφέζετο·
1664 3199 1851 3324 χειρί
1884 3200 1961 3273 δὲ
1992 3198 2190 3298 γαίης
2246 3238 2252 3247 ·

382 3300 558 3378 οὐδέ
573 3331 661 3377 τε
691 3294 961 3376 κόλπον
994 3302 1232 3397 ἔρυξε,
1285 3299 1408 3373 και
1438 3296 1567 3375 οὐκ
1599 3295 2018 3397 ἐφρασσατο
2053 3306 2340 3398 πέτρην.

285 3454 591 3525 Permiris
620 3454 795 3523 haec
827 3452 1221 3522 coniecturis
1250 3461 1504 3521 tentata
1541 3463 1711 3541 sunt,
1754 3475 2039 3543 quarum
2075 3475 2248 3542 eum,
2301 3472 2478 3541 quae

287 3580 325 3625 ιι
371 3559 726 3652 Lennepio
781 3555 1135 3650 proposita
1187 3563 1322 3644 est,
1382 3555 1650 3624 admisit
1697 3555 2089 3641 Reimarus,
2158 3553 2345 3649 χειρὶ
2398 3552 2477 3625 δὲ

284 3660 477 3757 γαίης
514 3657 731 3758 εὐρέα
775 3654 1043 3733 κόλπον
1084 3655 1323 3755 ἄραξε.
1358 3693 1365 3701 ·
1430 3658 1550 3743 Αι,
1601 3658 1726 3728 nisi
1767 3658 2472 3752 quod'grammaticue

284 3784 411 3831 non
436 3773 798 3857 repugnat,
839 3762 1004 3831 nihil
1030 3761 1204 3829 haec
1231 3763 1612 3830 coniectura
1638 3761 1850 3831 habet
1863 3763 2224 3837 laudabile.
2277 3762 2455 3829 Nam
2470 3762 2513 3829 1
2529 3761 2565 3829 1

282 3887 366 3934 ne
405 3889 934 3936 commemorem
957 3866 1260 3955 ineptum
1287 3863 1415 3949 hic¹
1432 3866 1777 3957 epitheton
1814 3889 1963 3935 esse
1993 3862 2236 3962 εὐρέα,
2291 3885 2468 3954 quae

283 3966 391 4036 ina
426 3980 567 4039 tum
600 3970 946 4063 singularis
976 3967 1144 4035 ratio
1176 3978 1280 4036 est
1307 3968 1551 4036 furoris
1585 3968 2040 4060 significandi,
2089 3990 2293 4038 manu
2327 3977 2467 4035 ter—

285 4093 419 4140 ram
442 4083 804 4165 percutere
824 4074 860 4141 ?
908 4071 1127 4140 Immo
1155 4072 1268 4161 qui
1297 4072 1388 4139 ita
1415 4081 1566 4139 sunt
1590 4072 1731 4140 irae
1757 4072 2161 4164 impotentes
2179 4121 2200 4155 ‚
2252 4071 2467 4140 solent

287 4194 354 4242 se
399 4176 580 4268 ipsos
623 4185 798 4243 totos
838 4177 906 4244 in
947 4184 1197 4243 terrum
1233 4175 1470 4268 fligere
1514 4185 1583 4242 et
1624 4174 1814 4243 humi
1856 4175 2148 4248 volvere.
2246 4173 2464 4267 quue

287 4275 475 4345 etiam
504 4277 788 4347 Eridem
814 4279 1054 4347 fecisse
1086 4276 1219 4345 dici
1247 4279 1358 4347 vel
1380 4289 1771 4371 corruptum
1804 4278 1968 4347 illud
1997 4275 2173 4353 οὐδέ
2191 4303 2275 4350 τε
2309 4298 2462 4344 ιιιο-

286 4399 437 4448 uere
470 4379 801 4468 debebat,
851 4383 920 4451 in
951 4402 1088 4470 quo
1127 4380 1276 4470 quis
1303 4404 1439 4450 non
1473 4383 1695 4451 statim
1721 4383 1947 4451 videat
1976 4379 2181 4454 οὔδεϊ
2203 4377 2459 4449 latere?

288 4478 651 4553 Confirmat
671 4484 849 4554 hanc
888 4483 1423 4554 emendationem
1459 4488 1790 4578 scriptun
1821 4483 2070 4554 codicis
2101 4482 2274 4551 Mut.
2297 4475 2458 4555 οὐδ’
