3259 5275
703 460 832 524 168
1377 453 1491 512 DE
1568 449 2123 513 PAn‘rlchA
2175 444 2271 513 ἂν

712 674 801 744 (pe
823 701 850 734 ,
903 636 1176 738 σάρον,
1233 634 1545 743 σκοὶπτε,
1600 646 1677 716 ἐν
1736 634 2147 765 παραπείσει
2194 641 2322 738 τῆς
2369 642 2763 722 διαθέσεως
2803 670 2930 737 την

711 742 1099 849 πρόςταξιν
1130 750 1493 829 ποιεῖται,
1546 772 1637 826 ως
1674 745 1821 835 ἔχει
1859 745 1979 817 καὶ
2014 737 2147 832 τό,
2214 817 2223 827 ,

818 878 1034 978 βάλλ
1089 909 1359 970 ουτως,
1417 889 1505 954 αἴ
1547 884 1666 955 κέν
1719 909 1795 953 τι
1850 873 2046 976 φόως
2099 880 2468 954 Δαναοῖσι
2518 882 2801 976 γένηαι·

719 1021 893 1143 φησὶ
922 1014 1060 1115 γάρ
1077 1074 1106 1110 ,
1160 1024 1236 1092 ἐν
1268 1018 1377 1114 τῷ
1405 1021 1696 1114 πολέμῳ
1727 1016 2123 1111 καταγίνου
2162 1044 2260 1097 εις
2290 1011 2384 1090 τδ
2413 1011 2731 1109 βάλλειν.
2790 1014 2833 1089 5
2865 1044 2941 1110 γε

718 1121 865 1224 μῆν
898 1125 1117 1217 λέγων
1168 1116 1358 1194 navo?
1399 1115 1535 1244 τῆν
1577 1123 1720 1195 τοῦ
1738 1123 2284 1215 παρῳχημένου
2323 1145 2715 1245 προφοραν
2769 1115 2942 1218 γρᾶ-

722 1251 916 1322 ψον,
972 1222 1060 1299 οὐ
1103 1220 1338 1317 μόνον
1377 1219 1470 1298 τό
1498 1218 1606 1323 μῆ
1639 1218 2032 1317 γενόμενον
2068 1216 2547 1318 προςτοῖσσει,
2604 1218 2792 1296 α’λλα
2827 1224 2944 1296 καὶ

722 1327 817 1406 τό
857 1321 1245 1422 γινόμενον
1286 1335 1363 1402 έν
1404 1323 1818 1423 παρατάσει
1861 1320 2340 1421 α’παγορεύει,
2397 1328 2470 1398 εἴ
2512 1354 2592 1419 γε
2630 1327 2751 1398 καὶ
2797 1332 2946 1408 τοῖς

723 1458 1132 1556 yQoeQ-ovow
1176 1436 1253 1505 ἐν
1281 1430 1560 1504 πλείονι
1604 1425 1840 1551 χρόνῳ
1886 1430 2447 1526 προςφωνοῦμεν
2497 1423 2591 1502 το“
2638 1424 2946 1554 γράψον,

723 1528 1074 1612 τοιοῦτόν
1098 1563 1172 1607 τι
1205 1560 1631 1655 φασκοντες,
1662 1527 1770 1629 μή
1800 1535 2136 1624 ἐμμένειν
2165 1533 2258 1630 τῇ
2285 1527 2727 1626 παρατάσει,
2765 1527 2948 1606 oini-

725 1668 851 1714 σαι
888 1641 964 1712 δὲ
1000 1630 1092 1710 τό
1124 1663 1455 1733 γραφειν.
1540 1636 1636 1705 Et
1661 1636 1892 1726 Etym.
1932 1634 2115 1703 Gud.
2145 1658 2217 1727 p.
2255 1633 2430 1721 472,
2462 1632 2582 1702 26.
2637 1630 2948 1732 ζὴσαιμι,

726 1739 1005 1865 ζῆσειας
1043 1740 1120 1813 δὲ
1167 1735 1255 1812 οὐ
1302 1743 1625 1831 λέγουσι,
1682 1735 1878 1811 διότι
1922 1739 2014 1835 τῇ
2061 1734 2369 1835 εὐκτικῇ
2400 1732 2614 1833 ευχῆν
2660 1740 2951 1863 δηλοῦσι

723 1840 1155 1967 πραγματος
1202 1839 1624 1935 ὀφείλοντος
1672 1842 2169 1938 πληρωθῆναι.
2245 1839 2287 1914 ὁ
2339 1868 2478 1963 γαρ
2524 1844 2744 1935 λέγων
2784 1836 2950 1969 γροὶ·

727 1970 939 2045 ψειας
976 1943 1265 2035 εὔχεται
1312 1941 1500 2025 ὅπως
1537 1947 1635 2024 εἰς
1666 1946 1869 2023 τέλος
1897 1945 2077 2040 ἔλθῃ
2132 1945 2275 2017 τοῦ
2317 1965 2632 2038 γραψαι·
2690 1943 2952 2037 ὁμοίως

726 2051 844 2124 καὶ
894 2044 991 2121 τοῖ
1029 2042 1253 2121 λοιπα
1297 2048 1810 2147 πληρωθῆναι,
1864 2044 2044 2141 ὅπερ
2088 2074 2174 2119 ου
2220 2049 2444 2139 λέγειν
2490 2050 2604 2119 δει
2640 2042 2947 2143 ζησειας·

729 2154 770 2227 ὁ
800 2178 940 2247 γαρ
973 2151 1201 2225 τοῦτο
1250 2153 1468 2244 λέγων
1520 2149 1812 2240 εὔχεται
1846 2157 1966 2222 ἵνα
2009 2150 2188 2246 ἔλθῃ
2238 2153 2336 2230 εἰς
2363 2151 2562 2229 τέλος
2601 2152 2728 2246 τῆς
2761 2152 2948 2246 ζωῆς,

729 2284 851 2330 και
880 2247 1138 2327 λοιπόν
1170 2252 1577 2349 ευρίσκεται
1607 2246 2118 2346 καταρώμενος
2155 2255 2430 2347 ἑαυτῷ·
2485 2258 2597 2325 δεῖ
2619 2255 2695 2326 δὲ
2726 2255 2950 2346 λέγειν

732 2353 960 2453 ζῴην,
1017 2351 1219 2454 ζῴης,
1275 2350 1431 2452 ζῴη.
1535 2356 1714 2424 Vide
1741 2354 2037 2424 eadem
2020 2379 2090 2423 m
2117 2356 2345 2447 Etym.
2388 2355 2492 2423 M.
2517 2380 2592 2447 p.
2633 2355 2804 2446 76⁰,
2836 2356 2945 2425 24.

732 2461 1088 2532 Contraria
1123 2460 1494 2550 praesentis
1533 2459 1705 2526 ratio
1736 2469 1870 2539 est,
1926 2458 2113 2548 quod
2146 2483 2355 2550 quum
2398 2469 2635 2527 natura
2665 2485 2786 2529 sua
2810 2485 2950 2529 rem

727 2567 1002 2633 fientem
1025 2586 1150 2630 nec
1195 2562 1357 2630 dum
1390 2562 1771 2630 obsolutam
1806 2562 2173 2655 significet,
2227 2565 2562 2655 optativus
2596 2565 2737 2633 eius
2780 2576 2950 2632 tem-

726 2668 915 2761 poris
948 2668 1422 2758 cogitationem
1452 2677 1640 2735 notat
1679 2667 1798 2750 rei,
1853 2690 2077 2755 quam,
2133 2691 2563 2757 quocumque
2596 2692 2747 2737 eam
2782 2653 2949 2737 tem-

726 2793 900 2863 pore
941 2770 1088 2838 fieri
1125 2793 1460 2838 sumamus
1478 2821 1498 2857 ‚
1551 2772 1663 2837 vel
1702 2770 1945 2838 durare
1991 2793 2074 2838 eo
2118 2782 2462 2862 tempore,
2532 2772 2641 2839 vel
2683 2776 2753 2842 in
2798 2773 2952 2841 facti

669 2887 678 2893 “
726 2873 1033 2944 nondum
1062 2873 1370 2942 absoluta
1397 2875 1794 2965 repetitione
1824 2875 2113 2966 positam
2141 2875 2586 2967 intelligimus.

930 2977 1059 3045 His
1099 2978 1478 3067 praemissis
1509 2977 1823 3068 exempla
1863 2977 2225 3046 afferamus
2269 2988 2337 3046 et
2376 2979 2601 3046 aoristi
2645 2988 2713 3047 et
2752 3001 2951 3071 prae-

727 3081 925 3150 sentis
957 3075 1244 3172 optativi
1259 3080 1347 3149 de
1375 3104 1450 3149 re
1482 3081 1852 3172 praeterita
1878 3081 2056 3148 dicti.
2113 3082 2456 3151 Homerus
2487 3081 2676 3150 Iliad.
2699 3086 2762 3156 δ.
2783 3080 2947 3151 539.

829 3219 1018 3293 ἔνθα
1045 3245 1168 3291 κεν
1211 3214 1454 3292 οὐκέτι
1493 3219 1705 3318 ἔργον
1735 3212 1919 3316 α’νῆρ
1955 3212 2305 3293 ὀνόσαιτο
2333 3214 2750 3312 μετελθών,

729 3385 783 3429 ε.
814 3354 988 3427 311.

827 3493 953 3566 καί
1002 3487 1090 3565 νύ
1142 3519 1262 3565 κεν
1316 3495 1481 3566 ἔνθ’
1535 3486 1893 3615 ρῖπόλοιτο
1941 3491 2119 3575 ἅναξ
2163 3490 2457 3614 ανδρων
2507 3498 2833 3579 Αι”,νειας

832 3599 902 3669 εἰ
946 3590 1054 3693 μή
1106 3592 1235 3691 ἄρ’
1291 3588 1421 3677 ὀξυ
1471 3588 1688 3692 νόησε
1744 3589 1931 3675 Διός
1982 3589 2319 3693 θυγάτηρ
2373 3593 2801 3701 Ἀφροδίτη.

728 3741 799 3802 et
828 3731 1002 3801 388.

827 3869 953 3942 καί
1003 3864 1090 3941 νύ
1142 3898 1261 3944 κεν
1315 3868 1482 3944 ἔνθ
1537 3864 1895 3943 α’πόλοιτο
1944 3867 2169 3967 Ἀρης
2214 3870 2441 3954 οἵατος
2491 3875 2860 3967 πολέμοιο,

832 3976 905 4045 εἰ
949 4000 1053 4065 μη
1096 3973 1408 4096 μητρυίη
1460 3966 1887 4070 περικαλλης
1936 3968 2333 4071 Ηερίβοια
2456 4003 2463 4016 ¹

830 4073 1116 4173 ‘'Epfflequ
1170 4069 1585 4173 ἐξήγγειλεν.

723 4209 956 4307 μ..58

829 4344 1001 4425 ἕνθ’
1056 4347 1147 4422 οὔ
1198 4377 1317 4421 κεν
1371 4353 1500 4447 ῥέα
1557 4357 1769 4430 ἵππος
1823 4344 2191 4444 ἐΰτροχον
2233 4347 2442 4445 οἷρμοι
2496 4353 2835 4426 τιταίνων

826 4451 1108 4550 ἐςβαίη,
1166 4452 1363 4548 πεζοὶ
1416 4455 1492 4528 δὲ
1546 4451 1928 4547 μενοίνεον
1983 4456 2054 4526 εἰ
2103 4454 2437 4527 τελέοιεν.
