3259 5275
776 459 906 523 254
990 452 1110 516 DE
1171 451 1649 513 AESCHYLI
1708 451 2311 516 PROMETHEO
2371 453 2751 516 soLvTo

776 669 886 717 sos
924 645 1152 718 fuisse.
1256 643 1394 712 Hic
1420 643 1626 737 igitur
1660 642 2145 731 Prometheus,
2198 645 2383 713 cuius
2412 668 2796 739 cognomen
2824 650 2980 718 nul-

776 753 916 820 lum
945 749 1266 841 apposuit
1293 748 1586 840 scriptor
1618 748 2020 840 argumenti,
2075 749 2402 839 satyricus
2429 749 2575 822 fuit.
2640 755 2981 848 Πυρκαέα

774 862 1092 923 vocatum
1133 874 1320 938 esse,
1373 874 1458 919 ex
1505 851 1789 919 Polluce
1830 852 1949 919 lx.
1992 848 2162 920 156.
2210 852 2296 922 X.
2335 850 2458 920 64.
2495 863 2777 927 constat.
2882 856 2986 925 Ex

772 948 1128 1055 πυρφόρῳ
1175 979 1350 1046 quae
1381 977 1733 1048 perpauca
1769 954 2179 1042 afferuntur,
2230 956 2557 1025 incertum
2586 959 2984 1049 relinquunt,

771 1058 1216 1153 tragoediane
1245 1083 1332 1127 an
1361 1059 1593 1127 fabula
1620 1058 1911 1150 satyrica
1938 1059 2159 1128 fuerit.
2214 1059 2594 1150 Satyricam
2633 1063 2750 1152 qui
2783 1062 2985 1132 fuisse

772 1163 1166 1250 existimant,
1219 1162 1646 1233 similitudine
1674 1163 2019 1231 nominum
2050 1162 2235 1249 moti,
2285 1164 2374 1230 ab
2405 1163 2549 1233 aliis
2581 1158 2985 1260 πυρφόρων,

773 1269 860 1336 ab
904 1266 1045 1335 aliis
1090 1268 1411 1362 πυρκαέα
1456 1267 1871 1359 appellatam
1921 1266 2241 1353 credunt,
2293 1289 2517 1357 eoque
2556 1266 2814 1335 factum
2852 1292 2986 1359 pu-

766 1381 944 1454 tant,
997 1378 1075 1437 ut
1108 1363 1461 1467 πυρκαεΰς
1501 1371 1723 1440 nullus
1765 1371 1848 1439 sit
1877 1371 1950 1438 in'
1978 1369 2272 1439 indicem
2302 1371 2682 1439 fabularum
2715 1372 2983 1441 relatus.

770 1473 1192 1544 Contrariam
1229 1475 1629 1542 sententiam
1665 1474 1781 1564 qui
1827 1473 2232 1560 defendunt,
2283 1474 2486 1542 indici
2523 1475 2621 1542 illi
2647 1498 2786 1544 non
2813 1477 2984 1545 mul-

764 1587 911 1646 tum
936 1575 1366 1645 tribuendum
1396 1600 1544 1646 esse
1572 1588 1884 1667 monent,
1937 1578 2284 1646 nominum
2312 1587 2538 1645 autem
2565 1578 2986 1671 significatus

767 1681 1047 1750 differre
1085 1681 1353 1769 volunt,
1403 1690 1479 1748 ut
1508 1674 1885 1775 πυρφόρος
1913 1680 2032 1768 sit,
2086 1681 2202 1771 qui
2225 1679 2528 1774 fraude
2556 1683 2768 1751 mala
2795 1706 2986 1776 gen-

768 1785 958 1855 tibus
986 1784 1316 1854 intulerit
1345 1785 1595 1878 ignem
1629 1784 1974 1855 aetheria
2013 1786 2230 1853 domo
2261 1783 2733 1871 subductum,
2787 1812 2984 1882 nvp-.-

763 1883 976 1968 καεύς
1003 1897 1229 1956 autem
1257 1889 1374 1979 qui
1402 1887 1808 1960 accenderit.
1910 1888 2003 1956 Et
2024 1889 2280 1957 factum
2306 1888 2381 1957 id
2410 1912 2556 1958 esse
2584 1889 2654 1957 in
2679 1896 2989 1982 πυρκαεῖ

765 2016 851 2061 ex
900 1992 1269 2060 Plutarcho
1331 1993 1401 2060 in
1455 1992 1629 2060 libro
1682 1991 1770 2060 de
1824 1992 2103 2060 utilitate
2154 2016 2238 2062 ex
2292 1992 2596 2061 hostibus
2646 1992 2984 2082 capienda

711 2104 764 2174 4
785 2121 856 2190 p.
885 2093 1011 2164 86.
1044 2094 1125 2170 F.
1164 2097 1511 2189 cognitum
1541 2104 1662 2164 est.
1714 2096 1912 2163 Patet
1939 2094 2043 2163 his
2076 2096 2486 2188 argumentis
2525 2119 2665 2164 non
2697 2097 2985 2164 multum
3075 2158 3090 2178 ,

763 2202 965 2272 effici.
1071 2202 1251 2268 Nam
1277 2199 1481 2268 indici
1522 2200 1628 2266 isti
1654 2207 1729 2266 ut
1754 2220 1890 2266 non
1919 2208 2176 2268 temere
2205 2199 2575 2286 fidendum,
2615 2201 2710 2268 ita
2740 2222 2829 2267 ne
2863 2198 2983 2269 de-

758 2304 1079 2396 neganda
1130 2302 1407 2393 quidem
1467 2302 1644 2370 fides
1699 2311 1954 2371 temere
2009 2313 2143 2372 est·
2210 2305 2328 2393 qui
2388 2313 2614 2371 autem
2669 2303 2985 2372 accendit

758 2409 993 2501 ignem
1027 2409 1321 2499 primuS,
1371 2405 1558 2474 idem
1584 2406 1837 2474 infert
1817 2429 1886 2474 m
1916 2406 2121 2475 vitam
2153 2416 2222 2476 et
2258 2430 2457 2475 usum
2485 2406 2861 2479 hominum.

967 2510 1110 2580 Sed
1146 2509 1406 2577 addunt
1448 2511 1739 2579 rationes
1776 2510 1967 2579 alias.
2022 2510 2344 2578 Vinctum
2383 2510 2873 2579 Prometheum
2914 2518 2982 2579 et

758 2613 1073 2684 Solutum
1100 2638 1236 2683 una
1253 2613 1320 2681 in
1338 2613 1612 2707 trilogia
1640 2615 2031 2683 coniunctos
2059 2614 2266 2684 fuisse
2290 2615 2522 2683 testari
2549 2613 2982 2684 scholiastam

757 2718 849 2786 ad
890 2719 1112 2788 Vincti
1151 2741 1213 2786 v.
1261 2715 1438 2790 51⁰.
1485 2717 1669 2786 unde
1709 2720 1851 2786 veri
1892 2719 2105 2787 simile
2150 2742 2333 2807 esse,
2381 2727 2599 2787 totam
2640 2719 2982 2812 trilogiam

755 2823 825 2890 in
855 2823 1057 2891 rebus
1083 2820 1474 2890 Promethei
1514 2844 1662 2889 esse
1702 2830 2069 2909 versatam,
2118 2823 2518 2914 praesertim
2561 2845 2773 2919 qupm
2808 2845 2979 2894 con-.-

755 2927 1050 2995 sueverit
1092 2924 1475 3016 Aeschylus
1523 2937 1925 3017 argumenta
1966 2950 2098 3017 per
2140 2937 2278 2995 tres
2322 2926 2712 3019 tragoedias
2758 2926 2980 2994 conti-

753 3052 983 3098 nuare.
1048 3029 1210 3099 Veri
1241 3030 1453 3097 simile
1484 3052 1653 3116 esse,
1694 3052 1894 3097 nemo
1924 3030 2346 3098 infitiabitur:
2385 3053 2800 3120 quamquam
2824 3029 2978 3121 ipsi,

754 3134 873 3224 qui
911 3134 1095 3202 illam
1138 3134 1535 3202 sententiam
1567 3132 1981 3221 defendunt,
2034 3134 2283 3202 frustra
2311 3134 2533 3201 conati
2562 3142 2715 3202 sunt
2748 3143 2979 3202 osten·

755 3236 955 3324 dere,
1010 3236 1358 3328 quomodo
1407 3246 1640 3330 raptus
1684 3260 1727 3304 a
1755 3236 2169 3305 Prometheo
2205 3238 2382 3329 ignis
2428 3247 2666 3330 aptum
2694 3245 2978 3329 tragoe-

620 3326 631 3335 ”
753 3340 908 3410 diae
950 3350 1420 3434 argumentum
1467 3340 1879 3433 praebuerit.
1985 3340 2131 3409 Sed
2168 3341 2372 3409 fuerit
2415 3341 2529 3408 illa
2584 3340 2976 3432 tragoedia:

752 3446 906 3513 satis
944 3447 1122 3513 enim
1162 3445 1535 3514 fecundum
1563 3454 1710 3514 erat
1749 3442 2077 3535 Aeschyli
2111 3444 2494 3536 ingenium,
2547 3453 2623 3512 ut
2653 3445 2860 3513 etiam
2894 3466 2976 3513 ex

749 3548 979 3638 iniqua
1019 3549 1300 3619 materia
1350 3549 1777 3642 tragoediam
1825 3547 2029 3617 sciret
2071 3571 2482 3641 componere
2501 3596 2522 3633 ,
2575 3549 2973 3640 praesertim

749 3660 890 3720 tam
917 3653 1312 3745 simplicem,
1365 3675 1569 3742 quam
1599 3661 1753 3721 sunt
1781 3652 1935 3722 illae
1966 3652 2395 3742 antiquiores.
2464 3652 2560 3719 At
2586 3651 2758 3719 illud
2791 3660 2972 3721 certe

749 3778 885 3823 non
925 3754 1267 3825 debebant
1300 3755 1578 3843 afferre,
1633 3756 2058 3825 consuevisse
2082 3753 2499 3846 Aeschylum
2528 3755 2816 3847 trilogiis
2841 3755 2970 3824 suis

750 3859 1042 3947 aliquam
1067 3883 1293 3929 rerum
1325 3860 1829 3929 continuitatem
1868 3861 2229 3953 explicare.
2336 3858 2511 3927 Tres
2555 3858 2967 3951 tragoedias,

752 3962 1000 4053 quibus
1041 3963 1436 4033 succederet
1486 3964 1721 4032 fabula
1756 3964 2086 4054 satyrica,
2141 3963 2547 4031 coniunctim
2593 3962 2966 4053 productas

735 4067 820 4159 ¹in
857 4089 1128 4134 scenam
1165 4090 1347 4152 esse,
1406 4068 1743 4135 neminem
1791 4069 1987 4153 latet,
2042 4067 2167 4136 etsi
2211 4090 2337 4136 nec
2385 4067 2533 4156 quis
2588 4065 2662 4134 id
2715 4067 2965 4159 primus

747 4169 1132 4256 instituerit,
1204 4194 1333 4238 nec
1384 4192 1559 4260 quae
1623 4194 1861 4241 caussa
1909 4172 2050 4240 eius
2107 4171 2383 4239 instituti
2443 4170 2648 4239 fuerit
2705 4171 2965 4239 scimus.

747 4272 1198 4341 Probabiliter
1238 4272 1702 4343 Dahlmannus
1739 4276 1808 4343 in
1851 4275 2413 4343 commentatione
2454 4272 2542 4341 de
2580 4272 2960 4366 primordiis

750 4386 819 4445 et
849 4378 1270 4446 successibus
1301 4378 1544 4446 veteris
1572 4378 1966 4447 comoediae
1996 4403 2066 4472 p.
2100 4376 2219 4446 22.
2244 4399 2507 4446 morem
2532 4376 2719 4445 hunc
2748 4378 2960 4446 ebre-

747 4480 951 4549 vitate
991 4480 1598 4572 antiquissimarum
1648 4481 2154 4578 tragoediarum
2206 4479 2661 4575 repetendum
2718 4487 2957 4550 censet·
