3259 5275
522 487 626 551 DE
666 481 1340 550 mscRIPTIONfflvs
1385 486 1846 564 vavsnAM
1891 488 2241 554 GRAECIS.
2356 493 2489 562 806

260 702 407 773 quo
457 678 744 750 dicimus
795 679 1224 773 epigramma
1271 675 1504 768 edidit,
1554 679 1884 750 lectorem
1926 699 2061 750 non
2090 683 2311 775 possit
2352 708 2487 758 nou

260 787 470 880 plane
519 784 591 851 in
641 804 945 853 errorem
994 782 1361 852 abducere.
1445 783 1769 853 Praebuit
1817 782 1935 852 ille
1986 794 2146 854 octo
2199 787 2490 858 disticha

262 888 572 981 elegiaca
586 938 609 976 ,
661 909 951 978 quorum
1002 888 1275 956 tertium
1323 895 1395 956 et
1441 897 1758 977 quartum
1806 888 2063 957 lacunis
2114 888 2299 962 hiant
2314 935 2338 977 ‚
2386 902 2485 980 ut,

259 993 380 1083 qui
420 993 783 1062 'intueatur
849 991 1310 1084 epigramma,
1380 1012 1519 1058 non
1566 991 1785 1084 possit
1833 990 2149 1062 dubitare
2200 995 2366 1085 quin
2414 996 2486 1065 in

257 1094 497 1189 lapide
551 1116 870 1164 versuum
921 1096 1087 1164 sexti
1143 1101 1213 1163 et
1261 1094 1528 1186 septimi
1575 1094 1743 1163 nihil
1791 1094 1916 1163 nisi
1965 1095 2188 1192 initia,
2261 1101 2485 1169 octavi

253 1221 525 1293 paucae
575 1221 618 1267 e
670 1198 903 1268 medio
952 1196 1255 1290 syllabae
1307 1197 1676 1290 supersint,
1721 1220 1922 1290 quae
1971 1208 2198 1269 autem
2246 1210 2479 1295 partes

251 1303 508 1372 horum
556 1323 874 1371 versuum
922 1300 1191 1394 punctis
1242 1310 1513 1370 notatae
1565 1309 1719 1372 sunt
1732 1349 1754 1387 ‚
1805 1324 2042 1372 earum
2085 1326 2302 1374 vacua
2351 1304 2480 1374 de-

252 1403 425 1476 tritis
481 1405 714 1475 litteris
783 1405 1000 1499 spatia,
1066 1403 1585 1497 conspiciantur.
1687 1405 1784 1474 At
1850 1405 2092 1476 librum
2109 1457 2132 1494 ,
2204 1429 2291 1477 ex
2336 1431 2482 1500 quo

254 1510 689 1603 epigramma
718 1509 912 1601 petiit
955 1507 1380 1599 Welckerus‚
1431 1508 1487 1577 si
1520 1507 1674 1600 quis
1704 1509 2033 1602 inspiciat,
2082 1510 2480 1582 lacunarum

253 1614 518 1683 nullum
564 1612 948 1706 vestigium,
1000 1610 1286 1681 disticha
1334 1618 1560 1680 autem
1610 1634 1751 1681 non
1803 1621 1986 1698 octo,
2036 1613 2162 1683 sed
2210 1625 2475 1707 septem

250 1716 569 1788 inveniet.
668 1716 905 1802 Quare
955 1716 1072 1807 qui
1120 1713 1489 1798 Welckero
1547 1714 1660 1783 vel
1708 1714 1985 1802 fideret,
2059 1717 2172 1786 vel
2233 1717 2472 1807 fidere,

246 1820 451 1912 quod
499 1818 713 1890 Gudii
760 1819 936 1889 libro
988 1826 1284 1906 careret,
1335 1825 1610 1888 coactus
1663 1826 1838 1888 esset
1852 1869 1873 1906 ,
1925 1840 2063 1888 non
2112 1829 2475 1913 pentame-

248 1933 439 1993 trum
496 1931 891 2016 corruptum
942 1923 1326 2016 corrig-ere,
1399 1921 1522 1992 sed
1583 1930 1719 1991 tres
1761 1943 2130 2014 numquam
2185 1925 2476 2018 scriptos

252 2049 490 2097 versus
540 2028 864 2096 resarcire
915 2025 1351 2095 allaborarett
1402 2024 1591 2117 quod
1641 2024 1704 2094 ei
1745 2024 1802 2095 si
1839 2027 2287 2118 successisset,
2340 2051 2475 2122 po-
2587 2056 2593 2060 ·

247 2131 454 2201 titum
506 2129 718 2199 Gudii
765 2130 940 2201 libro
989 2130 1371 2223 poeniteret
1417 2128 1726 2222 perditae
1762 2152 2038 2223 operae.

456 2233 585 2303 His
622 2234 1028 2328 praemissis,
1079 2231 1306 2303 onmia
1347 2255 1524 2323 quae
1548 2231 1950 2303 Welckerus
1988 2232 2080 2303 de
2122 2233 2471 2328 epigram-

248 2346 437 2406 mate
475 2337 606 2406 isto
649 2337 933 2431 scripsit,
985 2336 1149 2428 ipsis
1201 2336 1427 2405 verbis
1465 2335 1771 2425 afferam,
1824 2336 2238 2428 addamque,
2291 2359 2468 2429 quae

247 2440 421 2510 mihi
470 2438 812 2511 monenda
872 2440 1204 2512 videntur.
1309 2439 1428 2510 Sic
1489 2440 1699 2534 igitur
1747 2439 1896 2511 me:
1979 2441 2106 2511 Fr.
2179 2438 2471 2511 Hessel.

246 2541 521 2640 Praef-
569 2541 910 2640 Append.
943 2544 1054 2614 ad
1092 2543 1323 2615 Gudii
1352 2543 1736 2639 Inscriptt.
1719 2567 1831 2640 ..p
1858 2542 1982 2617 42.
2086 2543 2208 2615 De
2256 2543 2472 2614 huius

244 2649 752 2743 inscriptionis
805 2648 1122 2720 salebris
1168 2670 1379 2719 nemo
1428 2648 1771 2719 iudicare
1807 2657 2092 2744 potest,
2153 2644 2304 2720 nisi
2351 2648 2475 2743 qui

246 2753 622 2871 siglorum
671 2753 1108 2847 aenigmata
1150 2752 1417 2823 litteris
1465 2752 1893 2823 intermixta
1937 2752 2478 2824 examinaverit

246 2838 547 2950 eiusque
583 2858 1027 2927 enodandae
1053 2856 1530 2952 periculum
1502 2878 1662 2951 ipse
1675 2855 1979 2952 jecerit.
2051 2855 2248 2927 Num
2298 2878 2472 2951 ope-

245 2978 399 3031 rae
446 2960 772 3055 pretium
814 2959 1183 3056 facturus
1243 2959 1378 3049 sit,
1460 2961 1638 3031 nolo
1698 2960 2029 3053 equidem
2091 2982 2470 3053 quaerere.

249 3063 623 3159 Lapidem
680 3063 1067 3136 Hesselius
1113 3064 1229 3135 his
1274 3059 1519 3135 verbis
1574 3062 1970 3135 describit.-
2020 3111 2065 3150 ,‚
2081 3063 2176 3134 In
2225 3063 2472 3134 medio

245 3176 411 3239 stat
461 3167 721 3262 imago
768 3167 1146 3238 muliebris
1189 3169 1439 3253 nuda,
1506 3188 1563 3237 a
1625 3176 1850 3262 tergo
1888 3175 2197 3263 partem
2240 3167 2480 3238 vestis·

225 3269 509 3367 fluxae
562 3272 671 3342 ad
719 3270 1287 3367 interfeminium
1327 3270 1669 3342 trahente
1712 3272 1930 3342 laeva
1978 3293 2225 3354 manu,
2277 3271 2470 3340 dex-

249 3384 383 3446 tra
438 3375 728 3469 pectori
779 3377 990 3446 laevo
1035 3376 1347 3445 admota
1363 3426 1386 3464 ,
1455 3383 1528 3445 et
1578 3397 1805 3469 super
1855 3375 2110 3445 eodem
2156 3372 2470 3443 brachio

248 3479 536 3548 lacinia
587 3488 946 3568 exstante,
1000 3480 1207 3549 cuius
1245 3498 1445 3574 pars
1492 3477 1722 3548 lateri
1760 3478 2030 3548 dextro
2081 3477 2467 3571 dependet,

249 3583 543 3652 ornatis
603 3584 934 3677 capillis,
1019 3591 1272 3653 ventre
1324 3580 1746 3674 prominulo
1795 3590 1878 3652 ut
1915 3580 2476 3676 praegnanti&

248 3687 387 3756 sed
454 3687 565 3756 de
598 3686 741 3756 hoe
793 3687 1075 3758 consuli
1118 3694 1430 3781 possunt
1479 3685 1993 3780 inscriptiones
2006 3690 2053 3729 ‘⁶
2128 3684 2278 3775 (de
2326 3684 2474 3754 hoc

250 3789 547 3882 quidem
596 3789 776 3860 illae
822 3814 914 3860 ne
965 3791 1104 3884 γρῦ
1157 3789 1481 3883 quidem)
1534 3789 2168 3882 „utrimquesecus
2237 3788 2471 3858 hexa-

246 3893 509 3963 metris
556 3892 889 3966 versibus
941 3902 1013 3964 et
1052 3892 1543 3988 pentametris
1557 3898 1605 3936 ‘⁶
1656 3894 1916 3984 (omisit
1972 3901 2044 3963 et
2082 3901 2482 3985 perimine--

249 3997 395 4066 tris
422 3996 861 4089 Welckerus)
913 3996 1265 4092 „sculptis
1308 3995 1622 4091 infabre,
1671 4018 1829 4085 nec,
1865 4005 1946 4067 ut
1977 3995 2293 4084 videtur,
2322 4016 2475 4065 rma

248 4101 661 4194 eademque
700 4124 959 4188 manu,
1043 4100 1313 4172 litteris
1364 4098 1910 4193 inaequalibus,
1963 4120 2245 4195 parum
2287 4098 2476 4168 inci-

249 4204 390 4292 sis,
448 4202 891 4297 quibusdam
943 4205 1273 4289 extritis,
1327 4202 1569 4274 dubiis
1619 4203 1931 4299 virgula
1981 4201 2415 4275 subnotatis.
2430 4203 2476 4242 ‘⁶

250 4305 371 4378 De
424 4307 729 4379 diversa
789 4328 1025 4377 manu
1069 4309 1357 4378 munina
1416 4305 1688 4378 dubito.
1798 4304 2154 4400 Defuncti
2218 4306 2477 4398 imago

248 4409 711 4505 inscriptioni
756 4410 1102 4483 intersita
1142 4422 1253 4483 est
1304 4412 1529 4482 etiam
1575 4435 1644 4481 n.
1681 4408 1805 4484 46.
1843 4406 1967 4479 51.
2024 4419 2098 4482 et
2150 4408 2342 4499 aliis,
2395 4414 2477 4476 ut

247 4513 320 4583 in
382 4515 600 4610 cippo
655 4514 1111 4586 Gruteriano'
1152 4541 1231 4611 p.
1286 4513 1462 4597 649,
1502 4512 1575 4587 6.

349 4631 2066 4708 Hsuu,01».1V.v
