3259 5275
1095 469 1891 582 εειεεετια
2534 523 2598 587 v

598 704 997 809 Θρινακίην
1026 702 1099 783 δ’
1125 711 1195 790 ὃς
1225 706 1447 806 νῆσον
1477 701 1802 802 α’φίξεαι·
1852 704 2040 780 ἔνθα
2075 703 2155 779 δὲ
2177 712 2436 787 πολλαί
2543 773 2552 778 -

590 839 945 946 βόσκοντ’
969 841 1299 920 Ἠελίοιο
1327 838 1495 938 βόες
1524 841 1648 916 καί
1681 843 1850 939 ι”φια
1880 842 2124 940 μῆλαῑ

596 976 801 1059 §md
820 982 1019 1077 βοῶν
1051 978 1339 1076 ἀγέλαι,
1387 973 1576 1056 τόσα
1607 974 1680 1054 δ’
1707 979 1880 1054 οίῶν
1904 974 2103 1054 πῶεα
2130 974 2358 1074 καλοί,

597 1112 1047 1217 πεντήκοντα
1079 1115 1150 1193 δ’
1176 1124 1477 1194 ἕκαστα·
1529 1105 1742 1224 χόνος
1767 1114 1839 1191 δ’
1865 1112 1953 1192 οὗ
1981 1117 2302 1213 γίγνεται
2327 1117 2595 1215 αὐτῶν,

597 1252 776 1332 οὐδέ
796 1283 975 1331 ποτε
1012 1249 1502 1353 φθινύθουσι·
1569 1252 1744 1330 θεαί
1775 1249 1849 1328 δ’
1877 1255 1998 1330 ἔπι
2025 1258 2362 1351 ποιμένες
2390 1262 2592 1350 εἰσίν,

597 1387 884 1492 νύμφαι
917 1386 1402 1488 ἐϋπλόκαμοι,
1459 1384 1861 1467 Φαέθουσά
1891 1419 1976 1467 τε
1999 1373 2397 1498 Λαμπετίη
2433 1427 2545 1493 u,

599 1530 686 1614 ἅς
708 1532 908 1607 τέκεν
932 1527 1204 1629 Ἠελίφ
1227 1527 1594 1628 ’Υπερίονι
1622 1531 1745 1603 δῖα
1769 1529 2104 1627 Νέαιρα..

595 1662 728 1751 τοῖς
750 1666 1068 1766 μὲνᾶρα
1099 1668 1448 1766 θρέψασα
1481 1659 1799 1742 τεκοῦσά
1834 1693 1920 1740 τε
1947 1659 2217 1741 πότνια
2251 1657 2492 1770 μήτηρ

604 1804 997 1904 Θρινακίην
1037 1809 1105 1886 ές
1138 1805 1359 1902 νῆσον
1402 1797 1720 1901 ἀπῴκισε
1757 1798 2029 1900 τηλόθι
2071 1801 2339 1898 ναίειν,
2591 1775 2598 1784 ’

593 1943 792 2038 μῆλα
825 1943 1363 2040 φυλασσέμεναι
1401 1933 1735 2037 πατρώϊα
1765 1941 1885 2014 ταί
1924 1944 2158 2023 ἕλικας
2191 1943 2389 2038 βοῦς.

381 2130 562 2202 Eius
625 2130 898 2199 fabulae
975 2130 1390 2199 inventorem
1457 2125 1708 2199 cccl,
1741 2127 1921 2226 „dies
1992 2137 2364 2229 noctesque
2443 2137 2600 2206 anni

385 2268 637 2338 lunaris
686 2267 820 2336 hac
868 2268 1161 2361 imagine
1211 2265 1647 2336 adumbrasse
1697 2266 2187 2358 apertissimum
2234 2275 2354 2337 est.
2421 2269 2599 2341 Eam

384 2407 598 2500 igitur
644 2406 944 2475 fabulam
994 2404 1085 2473 ad
1133 2427 1288 2474 suos
1340 2426 1498 2473 usus
1555 2403 2102 2503 accommodavit·
2131 2403 2598 2500 Archimedes,
2649 2395 2680 2412 ⁶

387 2543 744 2614 ludificans
809 2542 1318 2613 mathematicos
1383 2539 1874 2612 Alexandrinos
1949 2564 2074 2635 spe
2156 2544 2415 2613 numeri
2490 2545 2597 2615 in-

390 2683 700 2753 veniendi
720 2730 742 2768 ‚
803 2704 1009 2775 quem
1057 2683 1254 2752 facile
1292 2689 1603 2774 pasceret
1653 2677 1879 2747 Sicilia
1895 2729 1917 2771 ‚
1991 2681 2332 2749 inventum
2375 2692 2601 2754 autem

388 2842 535 2895 non
585 2828 860 2913 caperet
895 2819 1078 2889 orbis
1111 2829 1456 2888 terrarum.
1561 2816 1800 2906 Itaque
1847 2816 1903 2885 is
1943 2839 2258 2887 numerus
2300 2820 2409 2889 vel
2448 2844 2601 2893 me-

388 2957 610 3027 thodo
644 2932 760 3026 illa
789 2958 1088 3027 Pelliana
1114 2954 1539 3048 quaerendus
1583 2954 1731 3038 erit,
1781 2952 1892 3023 vel
1932 2931 2415 3049 indagandum,
2465 2982 2603 3052 qua

390 3096 506 3165 via
538 3094 978 3167 Archimedes
1008 3094 1335 3163 rationem
1379 3091 1734 3185 putaverit.

598 3267 679 3337 ln
713 3266 1212 3337 Incredibilium
1252 3265 1425 3335 libro
1465 3286 1540 3356 p.
1588 3258 1762 3331 355.
1814 3263 1885 3331 in
1923 3285 2100 3332 noua
2137 3265 2602 3339 observatione

393 3403 587 3495 quod
636 3404 822 3497 apud
855 3403 1254 3495 Dionysium
1297 3404 1365 3472 in
1404 3402 1572 3471 Arte
1604 3400 1946 3470 rhetorica
1981 3427 2054 3495 p.
2089 3398 2276 3491 235,
2308 3402 2434 3479 11.
2485 3428 2601 3474 ar-

392 3542 672 3611 ticulum
715 3540 806 3608 ad
848 3535 1075 3621 λύπας
1120 3539 1507 3632 appositum
1561 3560 1710 3607 esse
1751 3540 2026 3632 scripsi,
2105 3542 2230 3611 etsi
2276 3541 2489 3633 quivis
2527 3543 2603 3611 id

391 3704 527 3774 per
565 3702 864 3750 errorem
896 3678 1151 3748 dictum
1188 3698 1334 3746 esse
1373 3675 1732 3769 intelliget,
1782 3684 2009 3746 tamen
2045 3699 2088 3744 a
2125 3679 2415 3773 meipso
2445 3703 2603 3751 cor-

390 3817 528 3910 rigi
567 3840 696 3910 par
735 3824 870 3907 est,
921 3839 1011 3886 ue
1050 3815 1187 3886 hoc
1229 3835 1503 3906 quoque
1540 3814 1613 3882 in
1656 3814 1900 3884 iniuriis
1939 3824 2342 3885 numeretur.
2447 3815 2603 3888 Ad-

390 3953 723 4023 ‹lidissem
783 3963 1007 4022 autem
1076 3952 1237 4021 huic
1304 3953 1530 4046 primo
1585 3951 1759 4021 libro
1821 3952 2104 4021 alterum
2119 4004 2142 4041 ‚
2215 3953 2275 4022 si
2333 3942 2604 4026 fecisset

388 4090 807 4161 Schaeferus
820 4143 845 4184 ‚
908 4091 1099 4185 quod
1139 4111 1541 4183 rogaveram
1558 4141 1580 4179 ‚
1634 4096 1709 4157 ut
1746 4089 2165 4181 patefaceret
2220 4113 2385 4184 quas
2427 4091 2601 4162 iniu-

384 4229 524 4297 rias
563 4229 691 4298 sibi
731 4230 947 4299 illatas
983 4228 1431 4319 conqueritur.
1533 4225 1628 4294 Et
1667 4226 2010 4298 ferebatur
2049 4228 2327 4321 quidem
2349 4229 2603 4322 aliquid

382 4365 641 4436 Halam
679 4367 973 4456 misisse,
1023 4365 1213 4458 quod
1250 4388 1379 4458 per
1419 4387 1769 4434 censorem
1811 4366 2105 4458 aliquem
2137 4368 2337 4461 primi
2366 4368 2601 4437 Incre-

382 4504 696 4575 ‹libilium
736 4505 891 4575 libri
938 4503 1175 4575 diurna
1216 4503 1533 4595 litteraria
1573 4503 1643 4575 in
1681 4503 2028 4599 publicam
2070 4504 2292 4575 lucem
2327 4504 2602 4600 profer-
