3259 5275
875 566 1041 627 LIB.
1086 566 1187 630 m.
1280 566 1467 630 CAP.
1510 572 1570 632 6.
1616 572 1677 635 7.
2282 575 2408 638 165

208 754 519 847 exempla,
573 755 641 824 in
683 757 927 848 quibus
973 756 1220 826 diserte
1266 757 1496 826 addita
1521 768 1623 826 est
1663 759 1981 847 conditio,
2030 760 2186 829 vide
2219 763 2407 854 apud

204 858 555 950 Reisigium
577 883 650 951 p.
687 859 860 934 124,

386 962 703 1053 Apparet
738 987 821 1032 ex
860 963 986 1050 his,
1040 964 1343 1055 optativo
1376 987 1529 1031 cum
1560 965 1890 1056 particula
1924 962 2011 1037 ἄν
2051 968 2406 1035 coniuncto

205 1064 571 1156 opinionem
632 1067 993 1159 significari
1052 1067 1141 1135 de
1199 1090 1317 1152 eo,
1388 1066 1576 1158 quod
1619 1090 1705 1136 ex
1760 1069 1983 1157 aliqua
2025 1070 2406 1140 conditione

203 1168 494 1259 pendeat.
601 1169 812 1260 Atqui
858 1170 1043 1261 quod
1089 1170 1181 1238 sic
1229 1170 1503 1239 demum
1550 1194 1698 1240 esse
1740 1179 2090 1263 putamus,
2155 1182 2231 1242 ut
2275 1196 2410 1243 non

204 1270 277 1338 sit
316 1270 434 1340 nisi
476 1272 859 1342 conditione
911 1274 1136 1364 aliqua
1176 1275 1485 1367 impleta,
1539 1274 1607 1341 id
1656 1285 1971 1364 apertum
2017 1286 2120 1345 est
2157 1300 2292 1345 non
2334 1285 2411 1345 ut

203 1374 370 1462 quod
400 1398 561 1443 vere
606 1377 722 1462 sit,
775 1376 897 1445 sed
947 1387 1022 1444 ut
1070 1377 1256 1467 quod
1300 1378 1516 1469 possit
1559 1400 1708 1445 esse
1751 1378 2054 1470 cogitari.
2157 1383 2263 1449 Eo
2299 1381 2407 1449 fa—

204 1488 364 1545 ctum
401 1489 539 1565 est,
592 1490 669 1547 ut
715 1480 1138 1572 grammatici
1174 1480 1575 1572 particulam
1605 1481 1788 1547 illam
1822 1475 2223 1575 σύνδεσμον
2271 1486 2408 1556 δυ-

204 1574 471 1677 manda·
512 1584 956 1675 appellarent.
1064 1583 1275 1667 Quod
1309 1592 1534 1651 tamen
1577 1606 1713 1651 non
1746 1584 1842 1652 sic
1890 1594 1992 1652 est
2029 1586 2406 1679 intelligen-

202 1682 345 1750 dum
376 1707 458 1752 ac
481 1685 537 1753 si
569 1683 865 1778 ποιοῖμ’
900 1686 990 1759 ἄν
1016 1686 1198 1754 idem
1228 1688 1312 1754 sit
1343 1686 1534 1776 quod
1562 1679 1883 1778 δύναμαι
1918 1693 2174 1760 ποιεῖν.
2229 1691 2408 1757 Nam

199 1786 347 1854 illud
374 1789 708 1879 posterius
748 1791 847 1857 rei
883 1812 1085 1857 verae
1121 1789 1654 1858 enunciationem
1688 1790 2014 1877 continet,
2068 1814 2213 1860 esse
2241 1792 2407 1861 mihi

195 1899 580 1980 potestatem
636 1892 949 1964 faciendi.
1053 1892 1211 1961 Hoc
1260 1903 1485 1960 autem
1537 1889 1832 1983 ποιοΐμ’
1884 1892 1976 1965 ἄν
2019 1894 2407 1985 opinionem

196 1992 459 2079 indicat,
511 1996 848 2064 facturum
873 2020 983 2064 me
1014 2018 1179 2083 esse,
1233 1997 1286 2064 si
1313 1997 1489 2064 forte
1521 1996 1801 2086 impleta
1834 1998 1919 2063 sit
1957 1997 2249 2067 conditio
2279 2000 2406 2067 ali-

196 2118 348 2186 qua,
401 2120 524 2166 cur
556 2098 822 2169 faciam.
932 2100 1024 2168 vt
1051 2098 1239 2188 quod
1268 2109 1370 2168 est
1402 2101 1467 2167 in
1503 2098 1915 2167 Prometheo
1935 2148 1956 2183 ,
2064 2166 2079 2181 ,

383 2247 549 2323 ἀλλ’
583 2250 754 2324 οὔτε
787 2252 997 2345 σιγᾶν
1029 2250 1202 2325 οὔτε
1236 2246 1344 2350 μή
1383 2252 1595 2344 σιγᾶν
1624 2245 1847 2342 τύχας

251 2382 256 2386 ·
383 2347 545 2427 οἶόν
572 2356 660 2428 τέ
679 2383 816 2448 μοι
847 2350 1052 2437 τοὶςδ’
1084 2356 1279 2444 ἐστι’,
1888 2356 1893 2361 ’

194 2506 323 2597 quis
358 2507 449 2575 ita
485 2506 697 2595 dicat,
753 2508 925 2582 οὔτε
962 2506 1229 2604 σιγῷμ’
1263 2508 1392 2593 ἄν,
1447 2504 1611 2580 οὔτ’
1640 2505 1729 2581 οὐ
1762 2507 2026 2605 σιγῷμ”
2059 2502 2211 2583 o't'v?
2259 2514 2406 2582 Ne-

195 2633 311 2700 que
343 2612 520 2679 enim
550 2611 713 2702 quid
740 2612 1027 2682 fortasse
1053 2614 1353 2682 facturus
1385 2613 1485 2700 sit,
1515 2610 1740 2680 dicere
1767 2614 1910 2682 vult
1936 2614 2405 2707 Prometheus,

195 2715 297 2782 sed
325 2739 399 2782 re
430 2738 590 2783 vera
617 2739 746 2783 nec
775 2727 1001 2785 tacere
1034 2740 1105 2786 se
1143 2740 1269 2785 nec
1306 2739 1441 2784 non
1473 2726 1699 2784 tacere
1727 2717 2033 2785 iniuriam
2067 2741 2204 2808 qua
2230 2720 2407 2788 affe-

194 2831 320 2886 ctus
367 2820 452 2886 sit
496 2842 720 2911 posse.
827 2820 1081 2888 Contra
1127 2819 1315 2910 quod
1364 2820 1597 2910 posuit
1637 2820 2029 2889 Herodotus
2076 2821 2192 2890 lv.
2237 2821 2400 2891 195.

197 2923 287 3017 εἴη
327 2918 404 2994 δ’
449 2921 541 2995 ἄν
578 2922 764 3011 πᾶν,
819 2920 991 2995 ὅκου
1035 2922 1151 2995 καὶ
1183 2929 1257 2996 ἐν
1289 2916 1650 3015 Ζακύνθῳ
1689 2927 1762 2997 ἐκ
1801 2923 2044 3023 λίμνης
2081 2928 2200 2997 καὶ
2232 2923 2406 2998 ὕδα-

195 3049 298 3104 τος
343 3023 606 3121 πίσσην
655 3020 1212 3149 ἀναφερομένην
1255 3018 1477 3105 αὐτᾶς
1522 3019 1661 3113 ἐγώ
1701 3024 1967 3120 αἵρεον,
2025 3049 2224 3096 nemo
2270 3053 2406 3098 non

195 3126 390 3213 videt,
445 3129 500 3195 si
559 3126 831 3196 dixisset
888 3131 1205 3202 δυνατον
1253 3133 1442 3204 ἐστι,
1497 3128 1713 3196 multo
1760 3152 1913 3196 eum
1963 3131 2406 3200 confidentius

197 3227 417 3299 dixisse
452 3240 524 3299 et
538 3229 841 3299 detracta
871 3232 1199 3324 opinionis
1237 3231 1588 3312 modestia,
1621 3254 1826 3320 quam
1853 3255 2082 3321 quum,
2109 3243 2187 3301 ut
2217 3236 2400 3321 fecit5

196 3334 436 3424 opinari
499 3357 571 3402 se
626 3334 975 3422 indicavit,
1041 3335 1241 3423 nihil,
1311 3333 1508 3402 certis
1557 3334 1832 3424 quidem
1887 3334 2402 3422 conditionibus,

196 3435 565 3506 incredibile
614 3462 778 3507 esse.
885 3438 980 3505 Et
1017 3439 1155 3509 hoc
1199 3437 1475 3530 quidem
1523 3460 1740 3530 genus
1789 3439 1882 3506 ita
1927 3438 2153 3508 tritum
2185 3451 2289 3510 est
2334 3452 2405 3510 ut

198 3542 499 3633 exemplis
530 3565 671 3611 non
702 3541 1021 3634 indigeat.

1209 3746 1357 3819 vll.

461 3898 597 3970 De
649 3900 1075 3994 optativo
1129 3923 1319 3970 cum
1372 3900 1478 3974 ἄν
1520 3896 2102 3993 profuturo.

383 4049 562 4120 Cum
604 4051 742 4121 hoc
776 4052 1153 4145 significatu
1199 4055 1766 4124 coniunctissimus
1806 4065 1906 4124 est
1954 4057 2158 4145 alius,
2209 4058 2401 4149 isque

198 4171 317 4219 uon
356 4156 576 4225 minus
613 4156 953 4246 frequens,
1035 4156 1216 4224 Nam
1259 4181 1433 4247 quae
1471 4158 1829 4250 opinamur
1867 4161 2146 4251 impleta
2177 4163 2400 4251 aliqua

200 4255 562 4328 conditione
601 4260 782 4347 fieri,
835 4260 976 4328 sive
1007 4282 1182 4349 quae
1219 4270 1501 4353 possunt
1532 4262 1714 4350 fieri,
1765 4286 1896 4354 per
1935 4288 2009 4331 se
2043 4266 2195 4356 ipsa
2237 4266 2399 4333 nulli

201 4367 336 4426 sunt
386 4365 678 4456 tempori
725 4362 1074 4432 adstricta:
1139 4364 1285 4432 sola
1340 4365 1519 4434 enim
1573 4367 1642 4433 in
1707 4367 2116 4459 cogitatione
2170 4376 2399 4435 nostra

200 4475 543 4538 versantur.
645 4467 884 4558 Itaque
914 4467 1039 4535 nisi
1079 4466 1324 4536 diserte
1358 4468 1451 4536 ad
1485 4469 1864 4561 praesentia
1891 4470 2002 4538 vel
2038 4470 2398 4563 praeterita

201 4563 561 4639 referuntur
577 4622 598 4657 ,
652 4579 1172 4640 consentaneum
1224 4581 1324 4641 est
1339 4620 1360 4659 ,
1411 4580 1521 4658 ut,
1576 4573 1892 4662 quoniam
1947 4575 2039 4640 rei
2080 4596 2240 4642 vere
2286 4574 2395 4643 fa-
