3259 5275
822 1789 1989 1886 PRAEFATIO.

1242 2060 1629 2080 Q

289 2267 503 2376 Hnie
556 2306 1041 2399 opusculorum
1089 2330 1398 2388 meorum
1446 2304 1792 2393 volumini,
1840 2306 1913 2374 ln
1961 2326 2101 2396 quo
2135 2303 2312 2373 duae
2360 2310 2511 2373 sunt
2556 2255 2650 2360 ζ)

290 2442 913 2514 dissertatiunculae
926 2496 949 2535 ,
1014 2468 1191 2537 quae
1242 2469 1378 2516 non
1423 2455 1615 2516 erant
1659 2445 1849 2537 prius
1903 2443 2158 2533 editae,
2224 2466 2510 2535 quarum

289 2582 494 2652 altera
573 2591 839 2676 septem
901 2591 1138 2675 aperta
1188 2592 1430 2678 operta
1490 2583 1679 2680 apud
1726 2581 2144 2674 Aeschylum
2194 2581 2508 2669 continet,

287 2721 497 2790 altera
562 2719 655 2789 de
706 2743 1022 2803 mensura
1088 2723 1435 2814 utriusque
1503 2724 1597 2797 ἂν
1662 2732 1800 2815 est,
1865 2744 2093 2815 pauca
2158 2744 2272 2790 me
2335 2743 2505 2813 pro-

283 2867 435 2950 pter
500 2858 677 2927 duas
741 2859 904 2928 alias
969 2860 1366 2952 scriptiones
1433 2862 1732 2954 praefari
1783 2818 2075 2953 oportet.
2199 2860 2306 2930 Ac
2354 2859 2505 2951 pri-

282 3014 395 3063 mo
445 2995 717 3089 gratiae
770 2997 1079 3090 agendae
1130 3006 1284 3069 suut
1336 2998 1508 3068 lulio
1556 2999 1672 3069 Fr.
1724 2998 2033 3067 Wurmio
2049 3049 2071 3086 ,
2140 2997 2257 3087 qui
2307 2997 2374 3066 in
2424 2996 2502 3065 iis

283 3154 455 3222 quae
494 3156 719 3226 nuper
764 3134 837 3204 in
876 3136 1091 3205 Iahnii
1123 3136 1492 3208 Annalibus
1528 3160 1587 3206 a.
1620 3135 1846 3206 183⁰.
1883 3136 2017 3206 vol.
2049 3135 2168 3204 ΙΙΙ.
2207 3135 2371 3207 fasc.
2409 3134 2496 3204 ΙΙ.

282 3269 367 3340 de
403 3270 839 3345 Archimedis
888 3274 1315 3367 problemate
1356 3275 1608 3345 bovino
1656 3275 2019 3368 disputavit
2033 3324 2055 3361 ‚
2108 3273 2282 3342 viam
2330 3270 2497 3341 mihi
2595 3254 2598 3257 “

280 3408 782 3496 monstraverit,
848 3434 987 3502 qua
1024 3412 1146 3481 nisi
1201 3396 1513 3499 defendi,
1579 3422 1764 3484 certe
1814 3410 2117 3483 excusari
2164 3409 2496 3502 scriptura

279 3569 451 3637 quae
517 3572 564 3617 a
620 3570 735 3619 me
799 3557 1057 3619 mutata
1107 3558 1253 3621 erat
1269 3599 1292 3635 ‚
1359 3560 1565 3640 atque
1626 3552 1722 3621 ita
1783 3549 2220 3644 problematis
2283 3549 2493 3618 inter-

275 3687 564 3776 pretatio
641 3686 790 3775 illa,
841 3709 1038 3779 quae
1113 3710 1157 3757 a
1218 3688 1577 3758 scholiasta
1646 3689 1921 3783 prodita
1997 3695 2139 3770 est,
2219 3686 2491 3755 retineri

272 3842 473 3914 posse
538 3823 866 3895 videatur.
992 3826 1211 3896 Nam·
1251 3825 1429 3897 haec
1500 3826 1642 3896 duo
1707 3844 1864 3896 eum
1924 3846 2088 3895 vere
2151 3824 2489 3894 monuisse

272 3968 475 4049 puto,
535 3962 761 4054 primo
775 4011 798 4050 ‚
864 3986 1076 4055 quum
1118 3986 1355 4034 omnes
1400 3964 1839 4057 problematis
1896 3970 2125 4055 partes
2175 3961 2484 4033 distincte

270 4095 396 4165 sint
462 4107 671 4190 atque
746 4102 1098 4172 enucleate
1172 4099 1557 4195 descriptae
1579 4152 1603 4191 ,
1688 4102 1763 4171 id
1824 4099 2313 4171 Archimedem
2365 4100 2482 4168 ¹vel

267 4235 558 4306 maxime
603 4236 675 4306 in
714 4238 959 4328 altero,
1011 4261 1219 4331 quem
1264 4239 1432 4309 mihi
1471 4240 1852 4332 significare
1883 4238 2064 4308 visus
2116 4245 2296 4325 erat,
2344 4259 2476 4306 nu-

267 4389 456 4440 mero
544 4374 871 4464 triquetro
954 4374 1165 4447 fuisse
1243 4377 1625 4462 facturum3
1723 4375 1977 4447 deinde
2050 4374 2262 4446 verba
2337 4373 2469 4459 illa,

267 4506 508 4595 quibus
569 4533 708 4606 ego
770 4511 1164 4584 adducebar
1225 4523 1302 4585 ut
1351 4516 1554 4587 etiam
1602 4537 1857 4611 greges
1922 4522 2262 4585 taurorum
2314 4531 2468 4579 om-
