<?xml version="1.0" encoding="UTF-8"?>
<!DOCTYPE html PUBLIC "-//W3C//DTD XHTML 1.0 Transitional//EN"
    "http://www.w3.org/TR/xhtml1/DTD/xhtml1-transitional.dtd">
<html xmlns="http://www.w3.org/1999/xhtml" xml:lang="en" lang="en">
 <head>
  <title>
</title>
<meta http-equiv="Content-Type" content="text/html;charset=utf-8" />
  <meta name='ocr-system' content='tesseract 3.04.00' />
  <meta name='ocr-capabilities' content='ocr_page ocr_carea ocr_par ocr_line ocrx_word'/>
</head>
<body>
  <div class='ocr_page' id='page_1' title='image "./godofrediherman03fritgoog_0300.png"; bbox 0 0 3259 5275; ppageno 0'>
   <div class='ocr_carea' id='block_1_1' title="bbox 846 1586 2686 1873">
    <p class='ocr_par' dir='ltr' id='par_1_1' title="bbox 846 1586 2686 1873">
     <span class='ocr_line' id='line_1_1' title="bbox 846 1586 2686 1684; baseline 0.002 -8"><span class='ocrx_word' id='word_1_1' title='bbox 846 1587 1224 1677; x_wconf 79' lang='lat' dir='ltr'><strong>‘DE</strong></span> <span class='ocrx_word' id='word_1_2' title='bbox 1363 1586 2686 1684; x_wconf 86' lang='lat' dir='ltr'><strong>HYPERBOLE</strong></span> 
     </span>
     <span class='ocr_line' id='line_1_2' title="bbox 1208 1763 2660 1873; baseline 0.001 -24"><span class='ocrx_word' id='word_1_3' title='bbox 1208 1779 2490 1873; x_wconf 52' lang='lat' dir='ltr'><strong>nlssssnrarlon</strong></span> <span class='ocrx_word' id='word_1_4' title='bbox 2651 1763 2660 1770; x_wconf 84' lang='lat'>&#39;</span> 
     </span>
    </p>
   </div>
   <div class='ocr_carea' id='block_1_2' title="bbox 1620 2052 2030 2063">
    <p class='ocr_par' dir='ltr' id='par_1_2' title="bbox 1620 2052 2030 2063">
     <span class='ocr_line' id='line_1_3' title="bbox 1620 2052 2030 2063; baseline 0.005 -3"><span class='ocrx_word' id='word_1_5' title='bbox 1620 2052 2030 2063; x_wconf 67' lang='lat'><strong>——-·-—————</strong></span> 
     </span>
    </p>
   </div>
   <div class='ocr_carea' id='block_1_3' title="bbox 646 2254 2949 4343">
    <p class='ocr_par' dir='ltr' id='par_1_3' title="bbox 692 2254 2949 2584">
     <span class='ocr_line' id='line_1_4' title="bbox 692 2254 2949 2378; baseline 0 -24"><span class='ocrx_word' id='word_1_6' title='bbox 692 2254 999 2357; x_wconf 78' lang='lat' dir='ltr'><strong>3Multa</strong></span> <span class='ocrx_word' id='word_1_7' title='bbox 1028 2294 1180 2353; x_wconf 81' lang='lat' dir='ltr'><strong>sunt</strong></span> <span class='ocrx_word' id='word_1_8' title='bbox 1206 2286 1273 2353; x_wconf 91' lang='lat' dir='ltr'><strong>in</strong></span> <span class='ocrx_word' id='word_1_9' title='bbox 1299 2283 1811 2378; x_wconf 78' lang='lat' dir='ltr'><strong>philologorum</strong></span> <span class='ocrx_word' id='word_1_10' title='bbox 1836 2285 2359 2354; x_wconf 77' lang='lat' dir='ltr'>armamentariis</span> <span class='ocrx_word' id='word_1_11' title='bbox 2384 2286 2684 2378; x_wconf 84' lang='lat' dir='ltr'><strong>reposita</strong></span> <span class='ocrx_word' id='word_1_12' title='bbox 2701 2286 2949 2355; x_wconf 80' lang='lat' dir='ltr'><strong>instru-</strong></span> 
     </span>
     <span class='ocr_line' id='line_1_5' title="bbox 738 2387 2949 2479; baseline 0 -22"><span class='ocrx_word' id='word_1_13' title='bbox 738 2399 998 2476; x_wconf 87' lang='lat' dir='ltr'><strong>menta,</strong></span> <span class='ocrx_word' id='word_1_14' title='bbox 1049 2409 1338 2478; x_wconf 86' lang='lat' dir='ltr'><strong>quorum</strong></span> <span class='ocrx_word' id='word_1_15' title='bbox 1388 2387 1715 2456; x_wconf 80' lang='lat' dir='ltr'><strong>fabricam</strong></span> <span class='ocrx_word' id='word_1_16' title='bbox 1762 2397 1966 2478; x_wconf 88' lang='lat' dir='ltr'><strong>atque</strong></span> <span class='ocrx_word' id='word_1_17' title='bbox 2011 2411 2205 2457; x_wconf 87' lang='lat' dir='ltr'><strong>usum</strong></span> <span class='ocrx_word' id='word_1_18' title='bbox 2254 2390 2371 2479; x_wconf 91' lang='lat' dir='ltr'><strong>qui</strong></span> <span class='ocrx_word' id='word_1_19' title='bbox 2417 2389 2698 2477; x_wconf 78' lang='lat' dir='ltr'><strong>callent,</strong></span> <span class='ocrx_word' id='word_1_20' title='bbox 2767 2401 2949 2458; x_wconf 88' lang='lat' dir='ltr'><strong>recte</strong></span> 
     </span>
     <span class='ocr_line' id='line_1_6' title="bbox 738 2491 2948 2584; baseline 0 -24"><span class='ocrx_word' id='word_1_21' title='bbox 738 2494 815 2560; x_wconf 90' lang='lat' dir='ltr'><strong>iis</strong></span> <span class='ocrx_word' id='word_1_22' title='bbox 849 2504 918 2560; x_wconf 85' lang='lat' dir='ltr'><strong>et</strong></span> <span class='ocrx_word' id='word_1_23' title='bbox 946 2514 1101 2560; x_wconf 90' lang='lat' dir='ltr'><strong>cum</strong></span> <span class='ocrx_word' id='word_1_24' title='bbox 1130 2491 1353 2559; x_wconf 87' lang='lat' dir='ltr'><strong>fructu</strong></span> <span class='ocrx_word' id='word_1_25' title='bbox 1382 2499 1688 2573; x_wconf 82' lang='lat' dir='ltr'><strong>utuntu13</strong></span> <span class='ocrx_word' id='word_1_26' title='bbox 1742 2492 1860 2581; x_wconf 88' lang='lat' dir='ltr'><strong>qui</strong></span> <span class='ocrx_word' id='word_1_27' title='bbox 1890 2514 2022 2559; x_wconf 91' lang='lat' dir='ltr'><strong>non</strong></span> <span class='ocrx_word' id='word_1_28' title='bbox 2054 2492 2318 2579; x_wconf 77' lang='lat' dir='ltr'><strong>callent,</strong></span> <span class='ocrx_word' id='word_1_29' title='bbox 2367 2492 2535 2560; x_wconf 89' lang='lat' dir='ltr'><strong>nihil</strong></span> <span class='ocrx_word' id='word_1_30' title='bbox 2562 2493 2948 2584; x_wconf 85' lang='lat' dir='ltr'><strong>proficiunt,</strong></span> 
     </span>
    </p>

    <p class='ocr_par' dir='ltr' id='par_1_4' title="bbox 646 2588 2948 2790">
     <span class='ocr_line' id='line_1_7' title="bbox 646 2588 2946 2697; baseline 0.002 -33"><span class='ocrx_word' id='word_1_31' title='bbox 646 2686 653 2697; x_wconf 28' lang='lat'><strong>·</strong></span> <span class='ocrx_word' id='word_1_32' title='bbox 740 2595 863 2665; x_wconf 89' lang='lat' dir='ltr'><strong>nisi</strong></span> <span class='ocrx_word' id='word_1_33' title='bbox 893 2603 970 2665; x_wconf 90' lang='lat' dir='ltr'><strong>ut</strong></span> <span class='ocrx_word' id='word_1_34' title='bbox 999 2594 1303 2664; x_wconf 81' lang='lat' dir='ltr'><strong>territent</strong></span> <span class='ocrx_word' id='word_1_35' title='bbox 1332 2594 1686 2663; x_wconf 90' lang='lat' dir='ltr'><strong>nonnullos</strong></span> <span class='ocrx_word' id='word_1_36' title='bbox 1709 2589 1841 2667; x_wconf 70' lang='grc' dir='ltr'><strong>σῦν</strong></span> <span class='ocrx_word' id='word_1_37' title='bbox 1884 2589 2089 2669; x_wconf 72' lang='grc' dir='ltr'><em>σάκει</em></span> <span class='ocrx_word' id='word_1_38' title='bbox 2118 2588 2643 2693; x_wconf 72' lang='grc' dir='ltr'><strong><em>κωδωνοκρότῳ</em></strong></span> <span class='ocrx_word' id='word_1_39' title='bbox 2692 2601 2946 2671; x_wconf 80' lang='grc' dir='ltr'><strong><em>παλαι-</em></strong></span> 
     </span>
     <span class='ocr_line' id='line_1_8' title="bbox 743 2696 2948 2790; baseline -0.001 -18"><span class='ocrx_word' id='word_1_40' title='bbox 743 2696 933 2771; x_wconf 72' lang='grc' dir='ltr'><strong><em>σταί.</em></strong></span> <span class='ocrx_word' id='word_1_41' title='bbox 1035 2698 1114 2765; x_wconf 89' lang='lat' dir='ltr'><strong>In</strong></span> <span class='ocrx_word' id='word_1_42' title='bbox 1145 2697 1221 2766; x_wconf 87' lang='lat' dir='ltr'><strong>iis</strong></span> <span class='ocrx_word' id='word_1_43' title='bbox 1258 2699 1700 2767; x_wconf 76' lang='lat' dir='ltr'><strong>instrumentis</strong></span> <span class='ocrx_word' id='word_1_44' title='bbox 1735 2720 1872 2766; x_wconf 90' lang='lat' dir='ltr'><strong>non</strong></span> <span class='ocrx_word' id='word_1_45' title='bbox 1912 2698 2216 2767; x_wconf 87' lang='lat' dir='ltr'><strong>ultimum</strong></span> <span class='ocrx_word' id='word_1_46' title='bbox 2251 2708 2484 2768; x_wconf 84' lang='lat' dir='ltr'><strong>tenent</strong></span> <span class='ocrx_word' id='word_1_47' title='bbox 2513 2700 2738 2768; x_wconf 88' lang='lat' dir='ltr'><strong>locum</strong></span> <span class='ocrx_word' id='word_1_48' title='bbox 2774 2723 2948 2790; x_wconf 79' lang='lat' dir='ltr'><strong>quae</strong></span> 
     </span>
    </p>

    <p class='ocr_par' dir='ltr' id='par_1_5' title="bbox 729 2801 2947 4343">
     <span class='ocr_line' id='line_1_9' title="bbox 741 2801 2947 2896; baseline 0.001 -27"><span class='ocrx_word' id='word_1_49' title='bbox 741 2824 784 2869; x_wconf 90' lang='lat' dir='ltr'><strong>a</strong></span> <span class='ocrx_word' id='word_1_50' title='bbox 823 2801 1275 2894; x_wconf 80' lang='lat' dir='ltr'><strong>grammaticis</strong></span> <span class='ocrx_word' id='word_1_51' title='bbox 1323 2810 1391 2869; x_wconf 84' lang='lat' dir='ltr'><strong>et</strong></span> <span class='ocrx_word' id='word_1_52' title='bbox 1433 2802 1589 2869; x_wconf 86' lang='lat' dir='ltr'><strong>artis</strong></span> <span class='ocrx_word' id='word_1_53' title='bbox 1633 2801 1904 2870; x_wconf 86' lang='lat' dir='ltr'><strong>dicendi</strong></span> <span class='ocrx_word' id='word_1_54' title='bbox 1934 2803 2264 2896; x_wconf 81' lang='lat' dir='ltr'><strong>magistris</strong></span> <span class='ocrx_word' id='word_1_55' title='bbox 2298 2804 2565 2896; x_wconf 80' lang='lat' dir='ltr'><strong>figurae</strong></span> <span class='ocrx_word' id='word_1_56' title='bbox 2600 2814 2947 2890; x_wconf 85' lang='lat' dir='ltr'><strong>vocantur,</strong></span> 
     </span>
     <span class='ocr_line' id='line_1_10' title="bbox 735 2904 2946 2998; baseline 0.002 -27"><span class='ocrx_word' id='word_1_57' title='bbox 735 2904 1310 2996; x_wconf 87' lang='lat' dir='ltr'><strong>promptissimum</strong></span> <span class='ocrx_word' id='word_1_58' title='bbox 1357 2905 1539 2972; x_wconf 91' lang='lat' dir='ltr'><strong>omni</strong></span> <span class='ocrx_word' id='word_1_59' title='bbox 1591 2905 1800 2972; x_wconf 87' lang='lat' dir='ltr'><strong>ulceri</strong></span> <span class='ocrx_word' id='word_1_60' title='bbox 1849 2907 2316 2998; x_wconf 86' lang='lat' dir='ltr'><strong>emplastrum:</strong></span> <span class='ocrx_word' id='word_1_61' title='bbox 2383 2907 2640 2998; x_wconf 89' lang='lat' dir='ltr'><strong>quippe</strong></span> <span class='ocrx_word' id='word_1_62' title='bbox 2698 2929 2946 2976; x_wconf 87' lang='lat' dir='ltr'><strong>nomen</strong></span> 
     </span>
     <span class='ocr_line' id='line_1_11' title="bbox 736 3001 2946 3100; baseline 0.001 -24"><span class='ocrx_word' id='word_1_63' title='bbox 736 3008 1066 3077; x_wconf 87' lang='lat' dir='ltr'><strong>silentium</strong></span> <span class='ocrx_word' id='word_1_64' title='bbox 1108 3008 1310 3100; x_wconf 82' lang='lat' dir='ltr'><strong>facit,</strong></span> <span class='ocrx_word' id='word_1_65' title='bbox 1362 3018 1469 3092; x_wconf 86' lang='lat' dir='ltr'><strong>ut,</strong></span> <span class='ocrx_word' id='word_1_66' title='bbox 1523 3008 1885 3100; x_wconf 78' lang='lat' dir='ltr'><strong>enallagen</strong></span> <span class='ocrx_word' id='word_1_67' title='bbox 1916 3011 2027 3077; x_wconf 83' lang='lat' dir='ltr'><strong>vel</strong></span> <span class='ocrx_word' id='word_1_68' title='bbox 2073 3008 2151 3081; x_wconf 73' lang='grc' dir='ltr'><strong>ἓν</strong></span> <span class='ocrx_word' id='word_1_69' title='bbox 2200 3001 2326 3081; x_wconf 80' lang='grc' dir='ltr'><strong>διοῖ</strong></span> <span class='ocrx_word' id='word_1_70' title='bbox 2357 3011 2558 3082; x_wconf 72' lang='grc' dir='ltr'><strong><em>δυοῖν</em></strong></span> <span class='ocrx_word' id='word_1_71' title='bbox 2597 3010 2654 3078; x_wconf 87' lang='lat' dir='ltr'><strong>si</strong></span> <span class='ocrx_word' id='word_1_72' title='bbox 2678 3032 2946 3079; x_wconf 90' lang='lat' dir='ltr'><strong>memo-</strong></span> 
     </span>
     <span class='ocr_line' id='line_1_12' title="bbox 734 3110 2945 3204; baseline 0.001 -24"><span class='ocrx_word' id='word_1_73' title='bbox 734 3134 842 3181; x_wconf 86' lang='lat' dir='ltr'><strong>res</strong></span> <span class='ocrx_word' id='word_1_74' title='bbox 858 3163 879 3199; x_wconf 94' lang='lat'><strong>,</strong></span> <span class='ocrx_word' id='word_1_75' title='bbox 939 3134 1266 3202; x_wconf 82' lang='lat' dir='ltr'><strong>quaerere</strong></span> <span class='ocrx_word' id='word_1_76' title='bbox 1322 3111 1484 3203; x_wconf 86' lang='lat' dir='ltr'><strong>quid</strong></span> <span class='ocrx_word' id='word_1_77' title='bbox 1546 3110 1621 3179; x_wconf 87' lang='lat' dir='ltr'><strong>id</strong></span> <span class='ocrx_word' id='word_1_78' title='bbox 1681 3112 1766 3180; x_wconf 84' lang='lat' dir='ltr'><strong>sit</strong></span> <span class='ocrx_word' id='word_1_79' title='bbox 1821 3111 2174 3204; x_wconf 85' lang='lat' dir='ltr'><strong>indignum</strong></span> <span class='ocrx_word' id='word_1_80' title='bbox 2226 3111 2379 3199; x_wconf 88' lang='lat' dir='ltr'><strong>rati,</strong></span> <span class='ocrx_word' id='word_1_81' title='bbox 2446 3111 2762 3181; x_wconf 75' lang='lat' dir='ltr'><strong>fiaudem</strong></span> <span class='ocrx_word' id='word_1_82' title='bbox 2823 3114 2945 3182; x_wconf 82' lang='lat' dir='ltr'><strong>sihi</strong></span> 
     </span>
     <span class='ocr_line' id='line_1_13' title="bbox 733 3214 2942 3310; baseline 0 -26"><span class='ocrx_word' id='word_1_83' title='bbox 733 3216 881 3284; x_wconf 84' lang='lat' dir='ltr'><strong>fieri</strong></span> <span class='ocrx_word' id='word_1_84' title='bbox 924 3216 1282 3307; x_wconf 86' lang='lat' dir='ltr'><strong>patiantur.</strong></span> <span class='ocrx_word' id='word_1_85' title='bbox 1353 3215 1447 3284; x_wconf 84' lang='lat' dir='ltr'><strong>Et</strong></span> <span class='ocrx_word' id='word_1_86' title='bbox 1481 3224 1708 3284; x_wconf 81' lang='lat' dir='ltr'><strong>tamen</strong></span> <span class='ocrx_word' id='word_1_87' title='bbox 1743 3216 1855 3284; x_wconf 81' lang='lat' dir='ltr'><strong>vix</strong></span> <span class='ocrx_word' id='word_1_88' title='bbox 1889 3216 2096 3283; x_wconf 90' lang='lat' dir='ltr'><strong>ullam</strong></span> <span class='ocrx_word' id='word_1_89' title='bbox 2124 3216 2398 3283; x_wconf 88' lang='lat' dir='ltr'><strong>istarum</strong></span> <span class='ocrx_word' id='word_1_90' title='bbox 2427 3214 2720 3284; x_wconf 84' lang='lat' dir='ltr'><strong>invenias</strong></span> <span class='ocrx_word' id='word_1_91' title='bbox 2756 3217 2942 3310; x_wconf 80' lang='lat' dir='ltr'><strong>figu-</strong></span> 
     </span>
     <span class='ocr_line' id='line_1_14' title="bbox 733 3318 2942 3411; baseline 0 -24"><span class='ocrx_word' id='word_1_92' title='bbox 733 3342 1003 3406; x_wconf 86' lang='lat' dir='ltr'><strong>rarum,</strong></span> <span class='ocrx_word' id='word_1_93' title='bbox 1058 3342 1231 3411; x_wconf 90' lang='lat' dir='ltr'><strong>quae</strong></span> <span class='ocrx_word' id='word_1_94' title='bbox 1274 3319 1329 3387; x_wconf 91' lang='lat' dir='ltr'><strong>si</strong></span> <span class='ocrx_word' id='word_1_95' title='bbox 1368 3320 1744 3387; x_wconf 86' lang='lat' dir='ltr'><strong>accuratius</strong></span> <span class='ocrx_word' id='word_1_96' title='bbox 1790 3318 2286 3403; x_wconf 83' lang='lat' dir='ltr'><strong>consideretur,</strong></span> <span class='ocrx_word' id='word_1_97' title='bbox 2335 3319 2426 3385; x_wconf 88' lang='lat' dir='ltr'><strong>ita</strong></span> <span class='ocrx_word' id='word_1_98' title='bbox 2473 3319 2557 3387; x_wconf 86' lang='lat' dir='ltr'><strong>sit</strong></span> <span class='ocrx_word' id='word_1_99' title='bbox 2588 3319 2942 3410; x_wconf 79' lang='lat' dir='ltr'><strong>explicata,</strong></span> 
     </span>
     <span class='ocr_line' id='line_1_15' title="bbox 734 3421 2942 3514; baseline 0 -24"><span class='ocrx_word' id='word_1_100' title='bbox 734 3433 840 3509; x_wconf 88' lang='lat' dir='ltr'><strong>nt,</strong></span> <span class='ocrx_word' id='word_1_101' title='bbox 896 3445 1073 3514; x_wconf 90' lang='lat' dir='ltr'><strong>quae</strong></span> <span class='ocrx_word' id='word_1_102' title='bbox 1113 3424 1197 3493; x_wconf 88' lang='lat' dir='ltr'><strong>sit</strong></span> <span class='ocrx_word' id='word_1_103' title='bbox 1238 3424 1378 3491; x_wconf 88' lang='lat' dir='ltr'><strong>eius</strong></span> <span class='ocrx_word' id='word_1_104' title='bbox 1424 3432 1696 3509; x_wconf 88' lang='lat' dir='ltr'><strong>natura,</strong></span> <span class='ocrx_word' id='word_1_105' title='bbox 1749 3444 1924 3512; x_wconf 88' lang='lat' dir='ltr'><strong>quae</strong></span> <span class='ocrx_word' id='word_1_106' title='bbox 1966 3422 2102 3505; x_wconf 85' lang='lat' dir='ltr'><strong>vis,</strong></span> <span class='ocrx_word' id='word_1_107' title='bbox 2160 3422 2276 3510; x_wconf 90' lang='lat' dir='ltr'><strong>qui</strong></span> <span class='ocrx_word' id='word_1_108' title='bbox 2318 3421 2522 3509; x_wconf 88' lang='lat' dir='ltr'><strong>fines,</strong></span> <span class='ocrx_word' id='word_1_109' title='bbox 2589 3422 2705 3512; x_wconf 90' lang='lat' dir='ltr'><strong>qui</strong></span> <span class='ocrx_word' id='word_1_110' title='bbox 2756 3445 2942 3511; x_wconf 86' lang='lat' dir='ltr'><strong>usus,</strong></span> 
     </span>
     <span class='ocr_line' id='line_1_16' title="bbox 735 3523 2933 3617; baseline -0 -22"><span class='ocrx_word' id='word_1_111' title='bbox 735 3526 889 3595; x_wconf 86' lang='lat' dir='ltr'><strong>satis</strong></span> <span class='ocrx_word' id='word_1_112' title='bbox 918 3535 1167 3617; x_wconf 84' lang='lat' dir='ltr'><strong>pateat.</strong></span> <span class='ocrx_word' id='word_1_113' title='bbox 1272 3525 1474 3594; x_wconf 88' lang='lat' dir='ltr'><strong>Libet</strong></span> <span class='ocrx_word' id='word_1_114' title='bbox 1514 3526 1586 3594; x_wconf 88' lang='lat' dir='ltr'><strong>id</strong></span> <span class='ocrx_word' id='word_1_115' title='bbox 1617 3527 1686 3593; x_wconf 90' lang='lat' dir='ltr'><strong>in</strong></span> <span class='ocrx_word' id='word_1_116' title='bbox 1713 3545 1847 3591; x_wconf 90' lang='lat' dir='ltr'><strong>una</strong></span> <span class='ocrx_word' id='word_1_117' title='bbox 1870 3525 2105 3615; x_wconf 87' lang='lat' dir='ltr'><strong>paucis</strong></span> <span class='ocrx_word' id='word_1_118' title='bbox 2139 3523 2496 3593; x_wconf 84' lang='lat' dir='ltr'><strong>ostendere</strong></span> <span class='ocrx_word' id='word_1_119' title='bbox 2510 3574 2531 3610; x_wconf 93' lang='lat'><strong>,</strong></span> <span class='ocrx_word' id='word_1_120' title='bbox 2584 3523 2933 3617; x_wconf 78' lang='lat' dir='ltr'><strong>hyperbo-</strong></span> 
     </span>
     <span class='ocr_line' id='line_1_17' title="bbox 732 3625 2937 3720; baseline 0 -23"><span class='ocrx_word' id='word_1_121' title='bbox 732 3626 845 3697; x_wconf 86' lang='lat' dir='ltr'><strong>len</strong></span> <span class='ocrx_word' id='word_1_122' title='bbox 887 3629 1074 3712; x_wconf 86' lang='lat' dir='ltr'><strong>dico,</strong></span> <span class='ocrx_word' id='word_1_123' title='bbox 1134 3651 1265 3697; x_wconf 91' lang='lat' dir='ltr'><strong>non</strong></span> <span class='ocrx_word' id='word_1_124' title='bbox 1311 3651 1448 3720; x_wconf 87' lang='lat' dir='ltr'><strong>quo</strong></span> <span class='ocrx_word' id='word_1_125' title='bbox 1486 3638 1603 3696; x_wconf 88' lang='lat' dir='ltr'><strong>aut</strong></span> <span class='ocrx_word' id='word_1_126' title='bbox 1644 3625 1980 3696; x_wconf 84' lang='lat' dir='ltr'><strong>exhauriri</strong></span> <span class='ocrx_word' id='word_1_127' title='bbox 2005 3649 2212 3719; x_wconf 87' lang='lat' dir='ltr'><strong>posse</strong></span> <span class='ocrx_word' id='word_1_128' title='bbox 2251 3635 2395 3696; x_wconf 81' lang='lat' dir='ltr'><strong>tam</strong></span> <span class='ocrx_word' id='word_1_129' title='bbox 2432 3627 2757 3695; x_wconf 88' lang='lat' dir='ltr'><strong>infinitam</strong></span> <span class='ocrx_word' id='word_1_130' title='bbox 2789 3652 2937 3697; x_wconf 88' lang='lat' dir='ltr'><strong>ma-</strong></span> 
     </span>
     <span class='ocr_line' id='line_1_18' title="bbox 734 3729 2936 3824; baseline 0.001 -26"><span class='ocrx_word' id='word_1_131' title='bbox 734 3731 970 3799; x_wconf 87' lang='lat' dir='ltr'><strong>teriam</strong></span> <span class='ocrx_word' id='word_1_132' title='bbox 1012 3731 1116 3800; x_wconf 89' lang='lat' dir='ltr'><strong>his</strong></span> <span class='ocrx_word' id='word_1_133' title='bbox 1154 3733 1385 3823; x_wconf 87' lang='lat' dir='ltr'><strong>paucis</strong></span> <span class='ocrx_word' id='word_1_134' title='bbox 1408 3731 1697 3824; x_wconf 85' lang='lat' dir='ltr'><strong>pagellis</strong></span> <span class='ocrx_word' id='word_1_135' title='bbox 1727 3753 2037 3822; x_wconf 85' lang='lat' dir='ltr'><strong>sperem,</strong></span> <span class='ocrx_word' id='word_1_136' title='bbox 2089 3741 2205 3799; x_wconf 85' lang='lat' dir='ltr'><strong>aut</strong></span> <span class='ocrx_word' id='word_1_137' title='bbox 2236 3729 2560 3822; x_wconf 85' lang='lat' dir='ltr'><strong>exquisita</strong></span> <span class='ocrx_word' id='word_1_138' title='bbox 2598 3731 2804 3800; x_wconf 85' lang='lat' dir='ltr'><strong>velim</strong></span> <span class='ocrx_word' id='word_1_139' title='bbox 2832 3742 2936 3800; x_wconf 80' lang='lat' dir='ltr'><strong>at-</strong></span> 
     </span>
     <span class='ocr_line' id='line_1_19' title="bbox 732 3833 2933 3926; baseline 0.001 -24"><span class='ocrx_word' id='word_1_140' title='bbox 732 3858 866 3924; x_wconf 87' lang='lat' dir='ltr'><strong>que</strong></span> <span class='ocrx_word' id='word_1_141' title='bbox 894 3834 1243 3903; x_wconf 85' lang='lat' dir='ltr'><strong>recondita</strong></span> <span class='ocrx_word' id='word_1_142' title='bbox 1280 3835 1348 3902; x_wconf 90' lang='lat' dir='ltr'><strong>in</strong></span> <span class='ocrx_word' id='word_1_143' title='bbox 1393 3835 1694 3904; x_wconf 88' lang='lat' dir='ltr'><strong>medium</strong></span> <span class='ocrx_word' id='word_1_144' title='bbox 1721 3834 1967 3903; x_wconf 84' lang='lat' dir='ltr'><strong>afferre</strong></span> <span class='ocrx_word' id='word_1_145' title='bbox 1987 3888 2009 3924; x_wconf 87' lang='lat'><strong>,</strong></span> <span class='ocrx_word' id='word_1_146' title='bbox 2062 3833 2186 3903; x_wconf 87' lang='lat' dir='ltr'><strong>sed</strong></span> <span class='ocrx_word' id='word_1_147' title='bbox 2218 3843 2390 3903; x_wconf 84' lang='lat' dir='ltr'><strong>utet</strong></span> <span class='ocrx_word' id='word_1_148' title='bbox 2423 3857 2688 3904; x_wconf 88' lang='lat' dir='ltr'><strong>errores</strong></span> <span class='ocrx_word' id='word_1_149' title='bbox 2725 3858 2933 3926; x_wconf 84' lang='lat' dir='ltr'><strong>quos-</strong></span> 
     </span>
     <span class='ocr_line' id='line_1_20' title="bbox 732 3937 2931 4032; baseline 0 -26"><span class='ocrx_word' id='word_1_150' title='bbox 732 3937 891 4006; x_wconf 84' lang='lat' dir='ltr'><strong>dam</strong></span> <span class='ocrx_word' id='word_1_151' title='bbox 921 3960 1307 4008; x_wconf 81' lang='lat' dir='ltr'><strong>removeam</strong></span> <span class='ocrx_word' id='word_1_152' title='bbox 1325 3986 1346 4022; x_wconf 90' lang='lat'>‚</span> <span class='ocrx_word' id='word_1_153' title='bbox 1399 3947 1467 4006; x_wconf 88' lang='lat' dir='ltr'><strong>et</strong></span> <span class='ocrx_word' id='word_1_154' title='bbox 1495 3960 1672 4029; x_wconf 89' lang='lat' dir='ltr'><strong>quae</strong></span> <span class='ocrx_word' id='word_1_155' title='bbox 1704 3938 2047 4030; x_wconf 89' lang='lat' dir='ltr'><strong>permulta</strong></span> <span class='ocrx_word' id='word_1_156' title='bbox 2076 3938 2166 4006; x_wconf 88' lang='lat' dir='ltr'><strong>de</strong></span> <span class='ocrx_word' id='word_1_157' title='bbox 2197 3938 2310 4005; x_wconf 90' lang='lat' dir='ltr'><strong>illa</strong></span> <span class='ocrx_word' id='word_1_158' title='bbox 2339 3939 2566 4032; x_wconf 77' lang='lat' dir='ltr'><strong>figura</strong></span> <span class='ocrx_word' id='word_1_159' title='bbox 2594 3938 2731 4007; x_wconf 85' lang='lat' dir='ltr'><strong>dici</strong></span> <span class='ocrx_word' id='word_1_160' title='bbox 2755 3962 2931 4032; x_wconf 83' lang='lat' dir='ltr'><strong>pos-</strong></span> 
     </span>
     <span class='ocr_line' id='line_1_21' title="bbox 731 4040 2929 4132; baseline 0 -22"><span class='ocrx_word' id='word_1_161' title='bbox 731 4050 917 4129; x_wconf 84' lang='lat' dir='ltr'><strong>sunt,</strong></span> <span class='ocrx_word' id='word_1_162' title='bbox 985 4064 1152 4131; x_wconf 88' lang='lat' dir='ltr'><strong>quas</strong></span> <span class='ocrx_word' id='word_1_163' title='bbox 1196 4041 1483 4109; x_wconf 85' lang='lat' dir='ltr'><strong>maxime</strong></span> <span class='ocrx_word' id='word_1_164' title='bbox 1531 4043 1602 4109; x_wconf 90' lang='lat' dir='ltr'><strong>in</strong></span> <span class='ocrx_word' id='word_1_165' title='bbox 1647 4050 1878 4132; x_wconf 88' lang='lat' dir='ltr'><strong>partes</strong></span> <span class='ocrx_word' id='word_1_166' title='bbox 1919 4040 2378 4110; x_wconf 87' lang='lat' dir='ltr'><strong>distribuenda</strong></span> <span class='ocrx_word' id='word_1_167' title='bbox 2412 4041 2763 4112; x_wconf 83' lang='lat' dir='ltr'><strong>videantur</strong></span> <span class='ocrx_word' id='word_1_168' title='bbox 2806 4042 2929 4110; x_wconf 87' lang='lat' dir='ltr'><strong>de-</strong></span> 
     </span>
     <span class='ocr_line' id='line_1_22' title="bbox 731 4143 2924 4238; baseline 0 -25"><span class='ocrx_word' id='word_1_169' title='bbox 731 4146 1010 4238; x_wconf 78' lang='lat' dir='ltr'><strong>signem.</strong></span> <span class='ocrx_word' id='word_1_170' title='bbox 1113 4143 1431 4213; x_wconf 86' lang='lat' dir='ltr'><strong>Definivit</strong></span> <span class='ocrx_word' id='word_1_171' title='bbox 1467 4167 1616 4213; x_wconf 92' lang='lat' dir='ltr'><strong>eam</strong></span> <span class='ocrx_word' id='word_1_172' title='bbox 1664 4144 1768 4213; x_wconf 88' lang='lat' dir='ltr'><strong>his</strong></span> <span class='ocrx_word' id='word_1_173' title='bbox 1812 4144 2033 4214; x_wconf 84' lang='lat' dir='ltr'><strong>verbis</strong></span> <span class='ocrx_word' id='word_1_174' title='bbox 2076 4143 2411 4235; x_wconf 76' lang='lat' dir='ltr'><strong>Trypho,</strong></span> <span class='ocrx_word' id='word_1_175' title='bbox 2466 4166 2583 4214; x_wconf 88' lang='lat' dir='ltr'><strong>seu</strong></span> <span class='ocrx_word' id='word_1_176' title='bbox 2633 4146 2924 4235; x_wconf 87' lang='lat' dir='ltr'><strong>quisquis</strong></span> 
     </span>
     <span class='ocr_line' id='line_1_23' title="bbox 729 4246 2928 4343; baseline 0 -26"><span class='ocrx_word' id='word_1_177' title='bbox 729 4260 830 4317; x_wconf 83' lang='lat' dir='ltr'><strong>est</strong></span> <span class='ocrx_word' id='word_1_178' title='bbox 857 4248 1142 4340; x_wconf 87' lang='lat' dir='ltr'><strong>scriptor</strong></span> <span class='ocrx_word' id='word_1_179' title='bbox 1173 4246 1378 4316; x_wconf 87' lang='lat' dir='ltr'><strong>libelli</strong></span> <span class='ocrx_word' id='word_1_180' title='bbox 1404 4247 1491 4316; x_wconf 89' lang='lat' dir='ltr'><strong>de</strong></span> <span class='ocrx_word' id='word_1_181' title='bbox 1521 4248 1755 4338; x_wconf 88' lang='lat' dir='ltr'><strong>tropis,</strong></span> <span class='ocrx_word' id='word_1_182' title='bbox 1809 4246 2073 4316; x_wconf 84' lang='lat' dir='ltr'><strong>duobus</strong></span> <span class='ocrx_word' id='word_1_183' title='bbox 2101 4248 2170 4315; x_wconf 90' lang='lat' dir='ltr'><strong>in</strong></span> <span class='ocrx_word' id='word_1_184' title='bbox 2191 4246 2449 4316; x_wconf 87' lang='lat' dir='ltr'><strong>Museis</strong></span> <span class='ocrx_word' id='word_1_185' title='bbox 2478 4247 2721 4318; x_wconf 86' lang='lat' dir='ltr'><strong>criticis</strong></span> <span class='ocrx_word' id='word_1_186' title='bbox 2748 4248 2928 4343; x_wconf 66' lang='lat' dir='ltr'><strong>editi,</strong></span> 
     </span>
    </p>
   </div>
   <div class='ocr_carea' id='block_1_4' title="bbox 728 4439 1141 4452">
    <p class='ocr_par' dir='ltr' id='par_1_6' title="bbox 728 4439 1141 4452">
     <span class='ocr_line' id='line_1_24' title="bbox 728 4439 1141 4452; baseline 0 0"><span class='ocrx_word' id='word_1_187' title='bbox 728 4439 1141 4452; x_wconf 95' lang='lat' dir='ltr'><strong> </strong></span> 
     </span>
    </p>
   </div>
   <div class='ocr_carea' id='block_1_5' title="bbox 892 4548 1603 4633">
    <p class='ocr_par' dir='ltr' id='par_1_7' title="bbox 892 4548 1603 4633">
     <span class='ocr_line' id='line_1_25' title="bbox 892 4548 1603 4633; baseline 0.008 -20"><span class='ocrx_word' id='word_1_188' title='bbox 892 4548 963 4633; x_wconf 70' lang='lat'><strong>⁴¹)</strong></span> <span class='ocrx_word' id='word_1_189' title='bbox 1009 4551 1181 4614; x_wconf 75' lang='lat' dir='ltr'><strong>Edita</strong></span> <span class='ocrx_word' id='word_1_190' title='bbox 1217 4561 1308 4613; x_wconf 77' lang='lat' dir='ltr'><strong>est</strong></span> <span class='ocrx_word' id='word_1_191' title='bbox 1339 4556 1603 4619; x_wconf 82' lang='lat' dir='ltr'><strong>a.1829.</strong></span> 
     </span>
    </p>
   </div>
  </div>
 </body>
</html>
