3259 5275
795 468 922 531 ιω
1479 463 1596 525 nn
1665 462 2215 527 -Ριιιτιονιι
2258 463 2350 531 ἃν

796 665 981 741 sunt,
1024 678 1199 745 quae
1238 652 1447 723 modo
1486 654 1857 744 attdimm,
1907 650 2016 753 μή
2061 654 2235 751 πρίν
2275 685 2321 749 γ
2380 652 2688 767 &novom
2730 670 2804 732 et
2839 663 3000 758 noir

795 752 1260 852 ἐκπύθωμαι,
1313 766 1517 848 atque
1535 758 1650 826 illa
1664 809 1685 846 ,
1739 781 1914 849 quae
1950 758 2149 827 affert
2173 748 2542 853 Reisig-ine,

893 911 1074 1009 μηδὲ
1100 909 1300 1008 δίκην
1327 905 1633 1009 δικάσῃς,
1684 911 1934 1008 πρὶν
1883 939 1975 984 αν
2006 908 2286 1008 ἀμφοῖν
2315 914 2568 1009 μῦθον
2601 909 2935 1012 olzavam,

798 1076 864 1135 et
898 1067 967 1134 in
996 1065 1237 1158 vespis
1265 1088 1330 1139 v,
1369 1065 1544 1135 919.

898 1213 1074 1318 πρός
1125 1218 1270 1291 τῶν
1323 1221 1554 1309 θεῶν,
1605 1213 1715 1316 μή
1763 1243 2397 1313 προκαταγιγνωσκ
2424 1275 2455 1311 ,
2510 1248 2565 1294 ω
2618 1216 2889 1319 πάτερ,

896 1323 1068 1420 πρὶν
1121 1319 1211 1393 ἄν
1262 1317 1337 1416 y'
1388 1313 1697 1417 dnovem-
1747 1318 2254 1418 ἀμφοτέρων.

797 1460 1123 1549 etinEq.
1162 1454 1333 1527 960.

895 1624 1000 1695 μη
1055 1595 1238 1693 δῆτα
1288 1588 1400 1668 πώ
1450 1590 1525 1688 γ’
1535 1648 1566 1685 ,
1619 1589 1679 1668 ὦ
1728 1588 2028 1668 &donov
2042 1640 2072 1670 ‚
2128 1589 2494 1688 «infinito
2544 1591 2617 1669 σ’
2668 1589 2848 1690 ἔχω,

896 1699 1069 1797 πρὶν
1121 1696 1213 1773 ἄν
1262 1726 1345 1792 γε
1396 1698 1543 1770 wir
1594 1696 1934 1794 χρησμῶν
1987 1689 2291 1794 ἀκούσῃς
2333 1698 2480 1771 τῶν
2531 1699 2743 1792 ἐμῶν.

793 1851 938 1922 Sed
975 1874 1426 1944 permagnum
1458 1860 1683 1939 tamen
1719 1849 2071 1917 discrimen
2101 1859 2219 1919 est.
2326 1848 2504 1920 Nam
2541 1853 2657 1942 qui
2686 1856 2917 1921 vetat
2897 1877 3005 1921 ιιι-

794 1956 1019 2024 dicare
1033 2007 1054 2042 ‚
1116 1956 1508 2048 priusquam
1560 1954 1840 2022 alteram
1880 1961 2150 2045 partem
2190 1955 2336 2042 quis
2384 1954 2742 2039 audiverit,
2807 1956 3005 2025 cohi-

791 2059 942 2128 beri
982 2059 1126 2128 vult
1166 2059 1482 2127 iudicium
1517 2079 1733 2147 usque
1773 2054 1937 2123 dum
1980 2057 2347 2125 contrariae
2394 2059 2754 2127 sententiae
2792 2083 3005 2152 argu-

568 2155 579 2167 ’
707 2186 714 2195 ’
790 2173 1016 2232 menta
1059 2163 1188 2231 sint
1226 2162 1566 2254 exposita:
1621 2182 1759 2250 quo
1806 2167 2063 2227 tantum
2110 2160 2301 2228 abest
2327 2170 2403 2228 ut
2448 2162 2826 2254 significet,
2880 2186 3006 2232 co-

789 2267 1131 2361 gniturum
1171 2288 1253 2333 ea
1296 2288 1502 2355 quem
1551 2286 1698 2333 esse
1718 2311 1739 2348 ,
1791 2271 1869 2331 ut
1908 2262 2070 2330 nihil
2118 2262 2301 2331 aliud
2347 2264 2550 2350 velit,
2617 2288 2820 2354 quam
2867 2289 3035 2363 non¹

791 2393 942 2443 esse
978 2367 1443 2454 iudicandum,
1489 2368 1544 2437 si
1587 2389 1725 2435 non
1755 2367 2169 2458 cognoverit.
2270 2367 2367 2436 Et
2394 2369 2463 2436 in
2507 2367 2687 2436 hanc
2731 2379 3004 2438 senten-

788 2474 952 2542 tiam
992 2470 1247 2540 dictum
1286 2483 1386 2540 est
1422 2469 1622 2557 illud,
1678 2466 1866 2559 quod
1909 2491 1995 2536 ex
2021 2469 2267 2562 Vespis
2306 2481 2408 2540 est
2457 2472 2749 2541 allatum.
2853 2472 3005 2541 Eo-

694 2643 698 2657 ,
791 2575 1085 2666 demque
1139 2574 1347 2644 modo
1388 2576 1459 2643 in
1497 2572 1858 2665 Equitibus
1899 2583 2108 2666 negat
2153 2573 2324 2644 Cleo
2375 2598 2448 2644 se
2495 2598 2734 2645 munus
2774 2598 3003 2646 susce·

786 2688 1096 2772 pturum,
1148 2679 1272 2746 nisi
1319 2678 1589 2747 oracula
1635 2699 1757 2745 sua
1801 2677 2099 2768 populus
2139 2678 2483 2747 audiverit.
2589 2679 2734 2749 Sed
2787 2703 2877 2747 an
2918 2704 3004 2748 ea

789 2783 872 2851 sit
911 2783 1025 2851 ille
1067 2780 1411 2851 auditurus
1428 2833 1449 2870 ,
1497 2783 1564 2848 in
1605 2779 1871 2848 incertis
1922 2780 2328 2871 relinquitur.
2431 2783 2680 2851 Postea
2722 2782 2998 2852 demum

787 2884 989 2954 effert
1010 2886 1127 2954 illa
1155 2907 1194 2953 e
1228 2886 1435 2954 domo
1468 2907 1608 2976 sua,
1663 2892 1732 2952 et
1758 2882 2012 2951 recitat.
2120 2884 2376 2955 Contra
2401 2886 2469 2953 in
2492 2886 2618 2954 illis
2652 2888 3001 2979 exemplis,

787 3012 962 3080 quae
1002 3011 1208 3081 supra
1253 2988 1591 3074 dedimus,
1646 2995 1905 3055 certum
1947 2985 2144 3056 instat
2189 2989 2465 3071 factum,
2515 2989 2701 3078 quod
2735 3012 2820 3058 eo
2844 2991 3001 3082 ipso

784 3114 923 3161 non
971 3092 1202 3160 debuit
1254 3116 1382 3186 per
1420 3090 1510 3164 ἂν
1561 3091 1889 3159 incertum
1929 3088 2143 3162 reddi.
2249 3091 2429 3158 Hinc
2473 3115 2674 3185 spero
2717 3092 2999 3161 iudicari

784 3198 1035 3290 poterit
1064 3196 1152 3264 de
1178 3194 1339 3264 illo
1321 3219 1391 3264 ιιι
1419 3194 1714 3265 Acharn.
1743 3190 1913 3262 294.

887 3353 1025 3425 ΔΙ.
1046 3345 1304 3423 ἄντὶδ’
1333 3377 1430 3422 ων
1450 3340 1892 3443 ἐσπεισάμην
1914 3340 2041 3420 οὐκ
2057 3341 2205 3417 ἴστ’
2232 3341 2375 3419 ἔτ·
2405 3342 2569 3420 αλλ,
2608 3344 2994 3422 ἀκούσατε

881 3457 1052 3528 XO
1110 3454 1244 3526 σοῦ’
1301 3448 1373 3545 γ’
1416 3444 1880 3543 α’κούσωμενς
1931 3446 2228 3522 α’πολεῖ*
2299 3440 2488 3522 κάτα
2535 3475 2612 3523 σε
2664 3445 2994 3544 χώσομεν

1936 3556 2090 3632 τοῖς
2114 3550 2370 3632 λίθοις.

887 3659 1024 3732 ΔΙ.
1075 3654 1442 3754 μηδαμῶς,
1486 3655 1658 3753 πρὶν
1695 3653 1788 3728 ἄν
1816 3651 1893 3749 γ’
1919 3646 2237 3751 ᾰκουσητ
2251 3650 2301 3692 ’·
2357 3650 2522 3729 ἀλλ’
2554 3647 2988 3746 οἱνάσχεσθ,

1937 3752 2239 3849 ωγαθοί.

779 3897 897 3966 Sic
922 3894 1299 3979 Bentleiu5‚
1348 3893 1708 3963 Ehnsleius
1722 3945 1743 3982 ,
1797 3894 2156 3987 ReisigiuS.
2254 3893 2443 3962 Libri
2470 3895 2829 3964 fluctuant.
2880 3895 2990 3962 alii

778 3998 948 4096 πρὶν
977 4026 1069 4069 αν
1104 3989 1498 4094 ἀκούσητε,
1549 3997 1659 4065 alii
1694 3995 1863 4093 πρὶν
1895 4025 1987 4069 αν
2018 3990 2376 4096 ἄκουσητε
2412 4025 2529 4092 γε,
2581 3998 2689 4066 alii
2714 3997 2887 4093 πρίν
2914 4027 2957 4089 y

780 4101 871 4175 ἂν
899 4094 1282 4225 οἷκουίιητε,
1325 4100 1680 4169 Ravennas
1710 4123 1874 4168 vero
1906 4109 1974 4169 et
1998 4100 2409 4188 scholiasteS,
2463 4099 2634 4195 πρίν
2660 4130 2703 4193 γ
2768 4094 2985 4173 α’κού-

781 4231 992 4301 σητε,
1047 4203 1187 4272 sine
1229 4200 1363 4280 ἄν,
1411 4203 1621 4294 recte,
1675 4205 1831 4294 quia
1875 4205 2009 4272 iam
2057 4204 2351 4272 dicturus
2393 4213 2496 4272 est
2531 4204 2984 4297 Dicaeopoli3‚

777 4318 852 4377 ut
880 4307 1044 4376 nihil
1068 4306 1182 4374 hic
1204 4306 1438 4375 incerti
1469 4308 1569 4376 sit.
1676 4306 1820 4379 Sed
1849 4309 2042 4376 metri
2061 4306 2309 4377 indicio
2339 4307 2590 4393 scribe,

876 4461 1221 4562 μηδαμῶς
1245 4489 1361 4553 γε,
1416 4459 1590 4558 πρίν
1619 4457 1692 4554 γ’
1734 4457 2100 4560 ἀκούσητ’.
