3259 5275
757 498 887 563 188
1473 494 1591 556 DE
1645 491 2189 556 PARTICVLA
2233 489 2322 561 ἄν

755 685 894 754 sive
922 684 1265 754 omittatur
1289 681 1403 758 ἄν.
1504 685 1753 779 Longe
1779 707 1944 755 vero
1978 685 2144 756 alins
2182 683 2453 778 generis
2491 694 2644 755 sunt
2676 686 2817 758 duo
2853 689 2986 760 loci

753 789 825 857 in
858 789 1226 883 Sophoclis
1263 785 1443 858 Oed.
1480 787 1809 858 Coloneo.
1914 789 2017 858 lbi
2049 812 2112 858 v.
2147 786 2319 860 188.
2354 788 2638 884 legitur-t

967 960 972 965 “
1087 941 1218 1036 ἄγε
1244 943 1377 1017 νῦν
1410 936 1500 1016 οῦ
1523 971 1659 1037 με,
1710 948 1884 1032 παῖ,

1088 1042 1190 1119 ἵν’
1227 1046 1319 1120 ἄν
1364 1042 1693 1140 εὐσεβίας
1724 1044 2225 1140 ἐπιβαίνοντες

1080 1142 1178 1223 vro*
1213 1150 1352 1243 μὲν
1392 1151 1748 1242 εἴπωμεν,
1790 1142 1884 1223 vo*
1917 1144 1991 1222 δ’
2028 1142 2493 1245 ἀκούσωμεν,

1169 1253 1291 1325 καὶ
1316 1246 1426 1351 μῆ
1453 1252 1663 1349 χρείᾳ
1693 1251 2145 1344 πολεμῶμεν.

751 1406 830 1476 In
867 1414 1217 1500 postremo
1251 1406 1465 1476 verbo
1508 1406 1932 1475 consentiunt
1962 1406 2113 1475 libri
2131 1454 2152 1492 ,
2203 1427 2336 1498 pro
2367 1404 2707 1497 prioribus
2751 1415 2982 1476 autem

752 1511 1185 1580 coniunctivis
1217 1518 1287 1580 et
1314 1510 1616 1579 Triclinii
1642 1511 1942 1579 recensio
1959 1561 1980 1595 ,
2033 1518 2102 1578 et
2140 1508 2344 1601 pauci
2375 1532 2461 1578 ex
2491 1510 2975 1601 antiquioribus

750 1614 955 1686 codd.
999 1615 1342 1708 optativos
1391 1614 1760 1707 praebent,
1815 1612 2262 1705 probantibus
2306 1612 2725 1682 Doederlino
2773 1623 2979 1705 atque

746 1718 1097 1792 Elmsleio.
1167 1718 1243 1788 Si
1274 1727 1461 1786 recte
1491 1741 1565 1786 se
1595 1717 1806 1786 habet
1830 1715 1882 1790 ἆ
1883 1747 1920 1791 ν
1921 1772 1949 1807 ,
1992 1715 2369 1809 reponendi
2400 1740 2560 1787 sane
2585 1727 2741 1787 sunt
2773 1728 2977 1810 opta·

747 1821 867 1891 tivi
921 1824 1255 1915 εἴποιμεν
1300 1829 1370 1889 et
1411 1813 1898 1911 ἀκούσαιμεν,
1967 1828 2088 1893 ἵνα
2136 1830 2361 1891 autem
2400 1821 2979 1914 interpretandum

749 1923 911 1995 ubi.-
965 1925 1113 1995 due
1155 1947 1273 1995 me
1310 1946 1429 2013 eo,
1496 1922 1619 1992 ubi
1664 1923 1877 1993 aliud
1918 1923 2166 1994 dicere
2198 1924 2361 2017 pie,
2428 1925 2642 1995 aliud
2710 1927 2979 1997 audire

734 2028 1128 2124 possimus.
1235 2027 1382 2099 Sed
1420 2028 1512 2097 ita
1556 2048 1692 2095 non
1741 2035 1905 2120 apte
1958 2027 2405 2121 subinngetur
2454 2028 2574 2102 καὶ
2620 2021 2731 2124 μή
2767 2030 2976 2126 χρείᾳ

744 2132 1213 2227 πολεμωμεν,
1266 2131 1457 2223 quod
1482 2130 1769 2201 deberet
1801 2124 2313 2227 πολεμήσομεν
2343 2130 2496 2200 dici.
2597 2131 2714 2201 Ad
2739 2132 2811 2199 id
2838 2156 2977 2202 non

745 2235 1116 2305 attenditl.
1156 2236 1415 2306 Bakius
1452 2257 1665 2326 quum
1707 2236 1774 2303 in
1816 2234 1987 2309 bibl.
2023 2235 2166 2302 crit.
2204 2257 2382 2304 nova
2412 2234 2545 2304 vol.
2576 2234 2628 2307 1.
2658 2258 2732 2328 p.
2765 2234 2886 2306 16.
2921 2261 2970 2306 ε.

742 2338 990 2410 mihi*
940 2367 1033 2412 αν
1066 2341 1133 2408 in
1163 2335 1303 2433 ἅμ’
1342 2339 1647 2427 mutanti,
1693 2347 1764 2407 et
1794 2340 2004 2407 tuenti
2032 2338 2484 2408 coniunctivos
2513 2361 2595 2406 ea
2622 2341 2970 2431 opposuit,

742 2465 958 2534 quae,
1012 2443 1068 2510 si
1103 2442 1177 2510 id
1204 2441 1403 2511 huius
1442 2442 1580 2511 loci
1609 2450 1824 2530 esset,
1877 2441 2078 2510 facile
2111 2465 2315 2532 quarn
2340 2465 2588 2534 parum
2614 2443 2814 2512 firma
2844 2445 2975 2513 sint

739 2568 1017 2640 possem
1082 2545 1460 2619 ostendere.
1565 2545 1722 2617 Alia
1773 2554 1874 2616 est
1919 2544 2187 2616 alterius
2246 2546 2380 2615 loci
2429 2547 2601 2619 ratio
2617 2600 2638 2639 ,
2708 2548 2826 2640 qui
2872 2556 2973 2617 est

736 2648 1001 2720 v.4o4.

942 2798 1220 2878 τούτου
1248 2829 1463 2902 χαριν
1495 2802 1749 2878 τοίνυν
1785 2828 1865 2876 σε
1899 2802 2356 2899 προςθέσθαι
2382 2804 2621 2929 adiac-

949 2903 1181 3008 χώρας
1211 2909 1558 2986 θέλουσι,
1611 2901 1792 3004 μηδ’
1823 2902 1922 2981 ἵν’
1965 2905 2059 2981 ἄν
2084 2906 2364 2980 σαυτοῦ
2388 2908 2670 3006 κρατῇς.

737 3065 840 3134 ltu
865 3063 1019 3132 libri
1048 3085 1305 3137 omnes.
1411 3059 1859 3131 scholiastes.
1910 3059 2097 3157 μηδὲ
2135 3059 2265 3135 §dv
2294 3086 2376 3135 σε
2405 3058 2593 3135 ὅπου
2620 3089 2713 3135 αν
2751 3087 2968 3136 σεαυ-

738 3167 880 3241 τοῦ
940 3160 1339 3258 ἐξουσιάση.
1401 3163 1634 3238 λείπει
1692 3157 1788 3237 τό
1834 3164 1964 3238 ἐᾶν
2005 3162 2230 3261 ῥῆμα.
2284 3162 2334 3259 ἢ
2375 3158 2527 3237 cino*
2579 3165 2834 3239 κοινοῦ
2874 3159 2968 3240 τό

735 3271 1221 3366 προςθέσθαι.
1328 3269 1405 3339 Si
1438 3268 1899 3365 προςθέσθαι
1930 3267 2404 3358 repetendum,
2457 3268 2728 3337 omnino
2762 3269 2964 3338 scribi

736 3374 1053 3463 debebit,
1121 3374 1310 3466 quod
1352 3372 1680 3442 Elmsleio
1726 3370 2007 3462 aliisque
2057 3371 2328 3461 placet,
2401 3367 2506 3445 ἵν
2548 3396 2659 3445 αν
2685 3372 2965 3446 σαυτοῦ

732 3483 1044 3573 κρατοΐς.
1149 3478 1332 3547 Nam
1363 3476 1827 3572 προςθέσθαι
1862 3474 2167 3543 futurum
2205 3484 2477 3567 tempus
2520 3475 2836 3566 requirit,
2890 3484 2963 3545 ut

734 3589 851 3649 unt
886 3587 1003 3653 ἵνα
1012 3575 1419 3704 κρατήσεις
1452 3577 1818 3647 dicendum
1856 3578 1977 3667 sit,
2030 3584 2225 3646 aut
2185 3607 2305 3652 ινα
2342 3585 2638 3676 αρατοῖς
2665 3576 2779 3652 ἄν.
2886 3580 2961 3650 Si

734 3706 898 3752 vero
955 3685 1083 3757 εᾶν
1111 3693 1213 3753 est
1253 3683 1800 3776 intelligendum,
1851 3691 1931 3752 ut
1969 3704 2178 3773 saepe
2221 3683 2433 3752 verba
2477 3683 2810 3751 contraria
2860 3682 2959 3771 iis,

730 3809 910 3877 quae
941 3798 1097 3856 unte
1129 3788 1355 3881 posita
1387 3794 1609 3875 erunt,
1663 3786 1971 3877 suppleri
2013 3785 2300 3875 debent,
2354 3786 2442 3856 de
2484 3809 2621 3878 qua
2659 3809 2736 3855 re
2776 3809 2841 3854 v.
2886 3796 2962 3855 nt

733 3890 824 3960 de
845 3892 1072 3961 multis
1098 3914 1308 3961 unum
1339 3892 1701 3977 nominem,
1731 3888 2240 3959 Erfurdtiumin
2262 3890 2370 3961 ed.
2386 3891 2545 3960 min.
2565 3887 2745 3960 Oed.
2764 3890 2853 3962 R.
2871 3890 2961 3959 ad

729 4016 795 4064 v.
842 3993 1014 4063 242.
1060 4005 1247 4065 recte
1283 4019 1356 4065 se
1392 3994 1678 4064 habebit
1716 3988 1824 4067 ἶν’
1875 3992 1969 4067 ἂν
2016 3995 2315 4094 κρατῇς,
2383 3995 2542 4085 quia
2580 4003 2727 4062 tum
2766 3993 2956 4063 locus

728 4107 833 4169 est
867 4099 1092 4169 futuro
1120 4107 1392 4169 exacto:
1442 4121 1588 4167 ιιοπ
1618 4105 1866 4167 autem
1894 4096 2138 4169 sinere
2161 4099 2405 4171 vivere
2438 4095 2693 4194 qubus
2734 4097 2813 4167 ιἰι
2843 4099 2954 4169 lo-

728 4202 836 4276 cis
869 4210 942 4275 te
970 4204 1078 4276 ιιιι·
1104 4203 1290 4276 iuris
1318 4224 1479 4276 esse
1504 4200 2012 4274 intellexerim.

1648 4477 2064 4491 *-
