<?xml version="1.0" encoding="UTF-8"?>
<!DOCTYPE html PUBLIC "-//W3C//DTD XHTML 1.0 Transitional//EN"
    "http://www.w3.org/TR/xhtml1/DTD/xhtml1-transitional.dtd">
<html xmlns="http://www.w3.org/1999/xhtml" xml:lang="en" lang="en">
 <head>
  <title>
</title>
<meta http-equiv="Content-Type" content="text/html;charset=utf-8" />
  <meta name='ocr-system' content='tesseract 3.04.00' />
  <meta name='ocr-capabilities' content='ocr_page ocr_carea ocr_par ocr_line ocrx_word'/>
</head>
<body>
  <div class='ocr_page' id='page_1' title='image "./godofrediherman03fritgoog_0026.png"; bbox 0 0 3259 5275; ppageno 0'>
   <div class='ocr_carea' id='block_1_1' title="bbox 738 497 2261 571">
    <p class='ocr_par' dir='ltr' id='par_1_1' title="bbox 738 497 2261 571">
     <span class='ocr_line' id='line_1_1' title="bbox 738 497 2261 571; baseline -0.003 -2"><span class='ocrx_word' id='word_1_1' title='bbox 738 507 824 571; x_wconf 77' lang='lat'><strong>1²</strong></span> <span class='ocrx_word' id='word_1_2' title='bbox 1418 502 1537 564; x_wconf 76' lang='lat' dir='ltr'><strong>DE</strong></span> <span class='ocrx_word' id='word_1_3' title='bbox 1578 499 2121 566; x_wconf 72' lang='lat' dir='ltr'><strong>PARTICVLA</strong></span> <span class='ocrx_word' id='word_1_4' title='bbox 2165 497 2261 565; x_wconf 70' lang='grc' dir='ltr'><strong>ἂν</strong></span> 
     </span>
    </p>
   </div>
   <div class='ocr_carea' id='block_1_2' title="bbox 734 688 2954 1203">
    <p class='ocr_par' dir='ltr' id='par_1_2' title="bbox 734 688 2954 1203">
     <span class='ocr_line' id='line_1_2' title="bbox 734 688 2951 786; baseline -0 -22"><span class='ocrx_word' id='word_1_5' title='bbox 734 694 974 765; x_wconf 73' lang='lat' dir='ltr'><strong>videt.-</strong></span> <span class='ocrx_word' id='word_1_6' title='bbox 1023 690 1205 762; x_wconf 69' lang='lat' dir='ltr'><strong>wei</strong></span> <span class='ocrx_word' id='word_1_7' title='bbox 1243 689 1717 776; x_wconf 67' lang='lat' dir='ltr'><strong>beieanmem</strong></span> <span class='ocrx_word' id='word_1_8' title='bbox 1777 692 1967 763; x_wconf 59' lang='lat' dir='ltr'><strong>nieht</strong></span> <span class='ocrx_word' id='word_1_9' title='bbox 2007 688 2095 786; x_wconf 71' lang='lat' dir='ltr'><strong>ja</strong></span> <span class='ocrx_word' id='word_1_10' title='bbox 2138 693 2339 762; x_wconf 79' lang='lat' dir='ltr'><strong>einer</strong></span> <span class='ocrx_word' id='word_1_11' title='bbox 2371 692 2623 763; x_wconf 74' lang='lat' dir='ltr'><strong>weiter</strong></span> <span class='ocrx_word' id='word_1_12' title='bbox 2663 694 2782 763; x_wconf 82' lang='lat' dir='ltr'><strong>als</strong></span> <span class='ocrx_word' id='word_1_13' title='bbox 2815 695 2951 763; x_wconf 72' lang='lat' dir='ltr'><strong>der</strong></span> 
     </span>
     <span class='ocr_line' id='line_1_3' title="bbox 741 787 2952 888; baseline -0.001 -20"><span class='ocrx_word' id='word_1_14' title='bbox 741 797 1042 869; x_wconf 72' lang='lat' dir='ltr'><strong>andere.</strong></span> <span class='ocrx_word' id='word_1_15' title='bbox 1142 794 1228 863; x_wconf 85' lang='lat' dir='ltr'><strong>ld</strong></span> <span class='ocrx_word' id='word_1_16' title='bbox 1262 818 1424 864; x_wconf 73' lang='lat' dir='ltr'><strong>vero</strong></span> <span class='ocrx_word' id='word_1_17' title='bbox 1454 804 1560 865; x_wconf 87' lang='lat' dir='ltr'><strong>est</strong></span> <span class='ocrx_word' id='word_1_18' title='bbox 1580 797 1756 882; x_wconf 89' lang='lat' dir='ltr'><strong>eius,</strong></span> <span class='ocrx_word' id='word_1_19' title='bbox 1808 797 1926 886; x_wconf 86' lang='lat' dir='ltr'><strong>qui</strong></span> <span class='ocrx_word' id='word_1_20' title='bbox 1954 797 2312 888; x_wconf 81' lang='lat' dir='ltr'>probabile</span> <span class='ocrx_word' id='word_1_21' title='bbox 2340 787 2411 865; x_wconf 82' lang='lat' dir='ltr'><strong>et</strong></span> <span class='ocrx_word' id='word_1_22' title='bbox 2436 807 2952 866; x_wconf 87' lang='lat' dir='ltr'><strong>consentaneum</strong></span> 
     </span>
     <span class='ocr_line' id='line_1_4' title="bbox 740 898 2946 991; baseline 0.001 -22"><span class='ocrx_word' id='word_1_23' title='bbox 740 924 890 969; x_wconf 85' lang='lat' dir='ltr'><strong>esse</strong></span> <span class='ocrx_word' id='word_1_24' title='bbox 935 898 1130 987; x_wconf 85' lang='lat' dir='ltr'><strong>dicit,</strong></span> <span class='ocrx_word' id='word_1_25' title='bbox 1190 900 1285 968; x_wconf 75' lang='lat' dir='ltr'><strong>itu</strong></span> <span class='ocrx_word' id='word_1_26' title='bbox 1320 899 1467 968; x_wconf 83' lang='lat' dir='ltr'><strong>fieri</strong></span> <span class='ocrx_word' id='word_1_27' title='bbox 1485 950 1507 982; x_wconf 86' lang='lat'>‚</span> <span class='ocrx_word' id='word_1_28' title='bbox 1559 901 1682 968; x_wconf 80' lang='lat' dir='ltr'><strong>etsi</strong></span> <span class='ocrx_word' id='word_1_29' title='bbox 1725 921 1861 968; x_wconf 92' lang='lat' dir='ltr'><strong>non</strong></span> <span class='ocrx_word' id='word_1_30' title='bbox 1903 900 1995 969; x_wconf 83' lang='lat' dir='ltr'><strong>ait</strong></span> <span class='ocrx_word' id='word_1_31' title='bbox 2033 901 2238 991; x_wconf 85' lang='lat' dir='ltr'><strong>plane</strong></span> <span class='ocrx_word' id='word_1_32' title='bbox 2281 899 2727 968; x_wconf 86' lang='lat' dir='ltr'><strong>necessarium</strong></span> <span class='ocrx_word' id='word_1_33' title='bbox 2780 921 2946 971; x_wconf 84' lang='lat' dir='ltr'><strong>esse.</strong></span> 
     </span>
     <span class='ocr_line' id='line_1_5' title="bbox 738 997 2954 1099; baseline 0.003 -27"><span class='ocrx_word' id='word_1_34' title='bbox 738 1003 896 1072; x_wconf 87' lang='lat' dir='ltr'><strong>Hoc</strong></span> <span class='ocrx_word' id='word_1_35' title='bbox 944 1001 1121 1072; x_wconf 88' lang='lat' dir='ltr'><strong>enim</strong></span> <span class='ocrx_word' id='word_1_36' title='bbox 1162 1002 1219 1072; x_wconf 87' lang='lat' dir='ltr'><strong>si</strong></span> <span class='ocrx_word' id='word_1_37' title='bbox 1265 1003 1440 1092; x_wconf 82' lang='lat' dir='ltr'><strong>vult,</strong></span> <span class='ocrx_word' id='word_1_38' title='bbox 1502 1001 1867 1072; x_wconf 81' lang='lat' dir='ltr'><strong>dicendum</strong></span> <span class='ocrx_word' id='word_1_39' title='bbox 1895 1014 2029 1092; x_wconf 83' lang='lat' dir='ltr'><strong>est,</strong></span> <span class='ocrx_word' id='word_1_40' title='bbox 2096 999 2497 1099; x_wconf 73' lang='grc' dir='ltr'><strong><em>ἀναγκαίως</em></strong></span> <span class='ocrx_word' id='word_1_41' title='bbox 2534 997 2685 1099; x_wconf 75' lang='grc' dir='ltr'><strong>πρό</strong></span> <span class='ocrx_word' id='word_1_42' title='bbox 2726 1002 2771 1077; x_wconf 79' lang='grc' dir='ltr'>ὅ</span> <span class='ocrx_word' id='word_1_43' title='bbox 2812 1006 2954 1079; x_wconf 77' lang='grc' dir='ltr'><strong>τοῦ</strong></span> 
     </span>
     <span class='ocr_line' id='line_1_6' title="bbox 734 1098 1050 1203; baseline -0.016 -22"><span class='ocrx_word' id='word_1_44' title='bbox 734 1098 1050 1203; x_wconf 69' lang='grc' dir='ltr'><strong>ἐνόησεν.</strong></span> 
     </span>
    </p>
   </div>
   <div class='ocr_carea' id='block_1_3' title="bbox 940 1207 3088 1303">
    <p class='ocr_par' dir='ltr' id='par_1_3' title="bbox 940 1207 3088 1303">
     <span class='ocr_line' id='line_1_7' title="bbox 940 1207 3088 1303; baseline -0 -24"><span class='ocrx_word' id='word_1_45' title='bbox 940 1211 1257 1302; x_wconf 77' lang='lat' dir='ltr'><strong>Apparet</strong></span> <span class='ocrx_word' id='word_1_46' title='bbox 1297 1231 1383 1279; x_wconf 86' lang='lat' dir='ltr'><strong>ex</strong></span> <span class='ocrx_word' id='word_1_47' title='bbox 1429 1209 1569 1301; x_wconf 87' lang='lat' dir='ltr'><strong>his,</strong></span> <span class='ocrx_word' id='word_1_48' title='bbox 1634 1218 1711 1282; x_wconf 85' lang='lat' dir='ltr'><strong>ut</strong></span> <span class='ocrx_word' id='word_1_49' title='bbox 1753 1209 2028 1303; x_wconf 87' lang='lat' dir='ltr'><strong>opinor,</strong></span> <span class='ocrx_word' id='word_1_50' title='bbox 2086 1217 2156 1278; x_wconf 88' lang='lat' dir='ltr'><strong>et</strong></span> <span class='ocrx_word' id='word_1_51' title='bbox 2195 1208 2361 1300; x_wconf 87' lang='lat' dir='ltr'><strong>quid</strong></span> <span class='ocrx_word' id='word_1_52' title='bbox 2401 1207 2716 1277; x_wconf 83' lang='lat' dir='ltr'><strong>differant</strong></span> <span class='ocrx_word' id='word_1_53' title='bbox 2760 1208 2952 1301; x_wconf 82' lang='lat' dir='ltr'><strong>ipsae</strong></span> <span class='ocrx_word' id='word_1_54' title='bbox 3083 1242 3088 1248; x_wconf 92' lang='lat'><strong>·</strong></span> 
     </span>
    </p>
   </div>
   <div class='ocr_carea' id='block_1_4' title="bbox 738 1313 2954 2540">
    <p class='ocr_par' dir='ltr' id='par_1_4' title="bbox 738 1313 2953 2328">
     <span class='ocr_line' id='line_1_8' title="bbox 738 1313 2953 1406; baseline -0 -24"><span class='ocrx_word' id='word_1_55' title='bbox 738 1314 1107 1404; x_wconf 76' lang='lat' dir='ltr'><strong>particulae</strong></span> <span class='ocrx_word' id='word_1_56' title='bbox 1140 1315 1316 1382; x_wconf 86' lang='lat' dir='ltr'><strong>inter</strong></span> <span class='ocrx_word' id='word_1_57' title='bbox 1353 1336 1538 1400; x_wconf 89' lang='lat' dir='ltr'><strong>sese,</strong></span> <span class='ocrx_word' id='word_1_58' title='bbox 1588 1325 1662 1382; x_wconf 89' lang='lat' dir='ltr'><strong>et</strong></span> <span class='ocrx_word' id='word_1_59' title='bbox 1686 1314 1850 1405; x_wconf 88' lang='lat' dir='ltr'><strong>quid</strong></span> <span class='ocrx_word' id='word_1_60' title='bbox 1893 1313 2195 1406; x_wconf 80' lang='lat' dir='ltr'><strong>singulae</strong></span> <span class='ocrx_word' id='word_1_61' title='bbox 2233 1313 2624 1404; x_wconf 85' lang='lat' dir='ltr'><strong>oppositum</strong></span> <span class='ocrx_word' id='word_1_62' title='bbox 2675 1314 2953 1405; x_wconf 82' lang='lat' dir='ltr'><strong>cogitari</strong></span> 
     </span>
     <span class='ocr_line' id='line_1_9' title="bbox 738 1415 2953 1510; baseline -0 -25"><span class='ocrx_word' id='word_1_63' title='bbox 738 1417 1103 1510; x_wconf 72' lang='lat' dir='ltr'><strong>postulent.</strong></span> <span class='ocrx_word' id='word_1_64' title='bbox 1201 1416 1400 1501; x_wconf 72' lang='lat' dir='ltr'><strong>Quae</strong></span> <span class='ocrx_word' id='word_1_65' title='bbox 1430 1418 1486 1487; x_wconf 85' lang='lat' dir='ltr'><strong>si</strong></span> <span class='ocrx_word' id='word_1_66' title='bbox 1514 1419 1749 1510; x_wconf 83' lang='lat' dir='ltr'><strong>paucis</strong></span> <span class='ocrx_word' id='word_1_67' title='bbox 1778 1415 2364 1508; x_wconf 76' lang='lat' dir='ltr'><strong>comprehendere</strong></span> <span class='ocrx_word' id='word_1_68' title='bbox 2400 1416 2727 1501; x_wconf 72' lang='lat' dir='ltr'><strong>volumu3‚</strong></span> <span class='ocrx_word' id='word_1_69' title='bbox 2778 1415 2953 1484; x_wconf 81' lang='lat' dir='ltr'><strong>baec</strong></span> 
     </span>
     <span class='ocr_line' id='line_1_10' title="bbox 740 1512 2953 1612; baseline 0 -25"><span class='ocrx_word' id='word_1_70' title='bbox 740 1529 908 1588; x_wconf 91' lang='lat' dir='ltr'><strong>sunt.</strong></span> <span class='ocrx_word' id='word_1_71' title='bbox 1013 1519 1245 1604; x_wconf 81' lang='lat' dir='ltr'><strong>Quum</strong></span> <span class='ocrx_word' id='word_1_72' title='bbox 1273 1521 1554 1600; x_wconf 46' lang='lat' dir='ltr'><strong>tomcsad</strong></span> <span class='ocrx_word' id='word_1_73' title='bbox 1584 1515 1706 1607; x_wconf 86' lang='lat' dir='ltr'><strong>ea,</strong></span> <span class='ocrx_word' id='word_1_74' title='bbox 1757 1543 1934 1612; x_wconf 89' lang='lat' dir='ltr'><strong>quae</strong></span> <span class='ocrx_word' id='word_1_75' title='bbox 1976 1527 2259 1612; x_wconf 77' lang='lat' dir='ltr'><strong>possunt</strong></span> <span class='ocrx_word' id='word_1_76' title='bbox 2285 1518 2466 1601; x_wconf 81' lang='lat' dir='ltr'><strong>fieri3</strong></span> <span class='ocrx_word' id='word_1_77' title='bbox 2516 1512 2664 1590; x_wconf 73' lang='grc' dir='ltr'><em>πού</em></span> <span class='ocrx_word' id='word_1_78' title='bbox 2706 1518 2794 1585; x_wconf 86' lang='lat' dir='ltr'><strong>ad</strong></span> <span class='ocrx_word' id='word_1_79' title='bbox 2831 1542 2953 1587; x_wconf 75' lang='lat' dir='ltr'><strong>ve·-</strong></span> 
     </span>
     <span class='ocr_line' id='line_1_11' title="bbox 739 1615 2952 1714; baseline -0.001 -22"><span class='ocrx_word' id='word_1_80' title='bbox 739 1621 1069 1705; x_wconf 69' lang='lat' dir='ltr'><strong>risimilia3</strong></span> <span class='ocrx_word' id='word_1_81' title='bbox 1122 1619 1213 1695; x_wconf 74' lang='grc' dir='ltr'><strong>ἄν</strong></span> <span class='ocrx_word' id='word_1_82' title='bbox 1240 1632 1308 1690; x_wconf 89' lang='lat' dir='ltr'><strong>et</strong></span> <span class='ocrx_word' id='word_1_83' title='bbox 1342 1623 1460 1697; x_wconf 70' lang='grc' dir='ltr'><strong>κέν</strong></span> <span class='ocrx_word' id='word_1_84' title='bbox 1490 1623 1578 1692; x_wconf 88' lang='lat' dir='ltr'><strong>ad</strong></span> <span class='ocrx_word' id='word_1_85' title='bbox 1618 1647 1737 1710; x_wconf 86' lang='lat' dir='ltr'><strong>ea,</strong></span> <span class='ocrx_word' id='word_1_86' title='bbox 1789 1646 1965 1714; x_wconf 89' lang='lat' dir='ltr'><strong>quae</strong></span> <span class='ocrx_word' id='word_1_87' title='bbox 1991 1623 2267 1691; x_wconf 85' lang='lat' dir='ltr'><strong>fortuita</strong></span> <span class='ocrx_word' id='word_1_88' title='bbox 2293 1615 2477 1703; x_wconf 78' lang='lat' dir='ltr'><strong>sunt,</strong></span> <span class='ocrx_word' id='word_1_89' title='bbox 2527 1622 2568 1692; x_wconf 90' lang='lat' dir='ltr'><strong>i.</strong></span> <span class='ocrx_word' id='word_1_90' title='bbox 2609 1644 2669 1693; x_wconf 88' lang='lat' dir='ltr'><strong>e.</strong></span> <span class='ocrx_word' id='word_1_91' title='bbox 2707 1644 2790 1689; x_wconf 81' lang='lat' dir='ltr'><strong>ex</strong></span> <span class='ocrx_word' id='word_1_92' title='bbox 2828 1623 2952 1690; x_wconf 89' lang='lat' dir='ltr'><strong>ali-</strong></span> 
     </span>
     <span class='ocr_line' id='line_1_12' title="bbox 739 1724 2952 1817; baseline 0 -24"><span class='ocrx_word' id='word_1_93' title='bbox 739 1749 875 1817; x_wconf 85' lang='lat' dir='ltr'><strong>qua</strong></span> <span class='ocrx_word' id='word_1_94' title='bbox 904 1724 1288 1793; x_wconf 88' lang='lat' dir='ltr'><strong>conditione</strong></span> <span class='ocrx_word' id='word_1_95' title='bbox 1317 1726 1657 1815; x_wconf 83' lang='lat' dir='ltr'><strong>pendent3</strong></span> <span class='ocrx_word' id='word_1_96' title='bbox 1706 1727 1788 1798; x_wconf 77' lang='grc' dir='ltr'><strong>τὲ</strong></span> <span class='ocrx_word' id='word_1_97' title='bbox 1819 1726 2110 1816; x_wconf 85' lang='lat' dir='ltr'><strong>denique</strong></span> <span class='ocrx_word' id='word_1_98' title='bbox 2137 1725 2225 1792; x_wconf 86' lang='lat' dir='ltr'><strong>ad</strong></span> <span class='ocrx_word' id='word_1_99' title='bbox 2255 1725 2633 1816; x_wconf 88' lang='lat' dir='ltr'><strong>probabilia</strong></span> <span class='ocrx_word' id='word_1_100' title='bbox 2659 1735 2952 1816; x_wconf 83' lang='lat' dir='ltr'><strong>spectet:</strong></span> 
     </span>
     <span class='ocr_line' id='line_1_13' title="bbox 740 1828 2952 1917; baseline 0 -20"><span class='ocrx_word' id='word_1_101' title='bbox 740 1829 1187 1916; x_wconf 77' lang='lat' dir='ltr'><strong>dubitantem,</strong></span> <span class='ocrx_word' id='word_1_102' title='bbox 1236 1828 1294 1896; x_wconf 85' lang='lat' dir='ltr'><strong>si</strong></span> <span class='ocrx_word' id='word_1_103' title='bbox 1329 1830 1494 1911; x_wconf 79' lang='grc' dir='ltr'><strong><em>ἴσως</em></strong></span> <span class='ocrx_word' id='word_1_104' title='bbox 1521 1829 1880 1917; x_wconf 85' lang='lat' dir='ltr'><strong>adhibeat,</strong></span> <span class='ocrx_word' id='word_1_105' title='bbox 1933 1830 2023 1896; x_wconf 89' lang='lat' dir='ltr'><strong>ita</strong></span> <span class='ocrx_word' id='word_1_106' title='bbox 2062 1829 2573 1909; x_wconf 84' lang='lat' dir='ltr'><strong>confirmamus;</strong></span> <span class='ocrx_word' id='word_1_107' title='bbox 2637 1850 2781 1896; x_wconf 79' lang='lat' dir='ltr'><strong>non</strong></span> <span class='ocrx_word' id='word_1_108' title='bbox 2832 1851 2952 1898; x_wconf 79' lang='lat' dir='ltr'><strong>eo-</strong></span> 
     </span>
     <span class='ocr_line' id='line_1_14' title="bbox 741 1925 2953 2025; baseline -0 -24"><span class='ocrx_word' id='word_1_109' title='bbox 741 1934 893 2002; x_wconf 85' lang='lat' dir='ltr'><strong>lum</strong></span> <span class='ocrx_word' id='word_1_110' title='bbox 921 1939 1372 2025; x_wconf 78' lang='lat' dir='ltr'><strong>potestesse,</strong></span> <span class='ocrx_word' id='word_1_111' title='bbox 1424 1932 1562 2002; x_wconf 80' lang='lat' dir='ltr'><strong>sed</strong></span> <span class='ocrx_word' id='word_1_112' title='bbox 1587 1941 1741 2016; x_wconf 79' lang='lat' dir='ltr'><strong>est3</strong></span> <span class='ocrx_word' id='word_1_113' title='bbox 1788 1934 1842 2000; x_wconf 88' lang='lat' dir='ltr'><strong>si</strong></span> <span class='ocrx_word' id='word_1_114' title='bbox 1875 1925 2059 2004; x_wconf 56' lang='grc' dir='ltr'><strong>πούς</strong></span> <span class='ocrx_word' id='word_1_115' title='bbox 2108 1954 2250 2000; x_wconf 80' lang='lat' dir='ltr'><strong>non</strong></span> <span class='ocrx_word' id='word_1_116' title='bbox 2278 1931 2513 2000; x_wconf 81' lang='lat' dir='ltr'><strong>solum</strong></span> <span class='ocrx_word' id='word_1_117' title='bbox 2541 1931 2953 2019; x_wconf 72' lang='lat' dir='ltr'><strong>verisimile,</strong></span> 
     </span>
     <span class='ocr_line' id='line_1_15' title="bbox 740 2033 2952 2117; baseline -0.002 -11"><span class='ocrx_word' id='word_1_118' title='bbox 740 2036 879 2107; x_wconf 82' lang='lat' dir='ltr'><strong>sed</strong></span> <span class='ocrx_word' id='word_1_119' title='bbox 902 2055 1154 2104; x_wconf 78' lang='lat' dir='ltr'><strong>verum</strong></span> <span class='ocrx_word' id='word_1_120' title='bbox 1181 2043 1332 2117; x_wconf 67' lang='grc' dir='ltr'><strong>θείς</strong></span> <span class='ocrx_word' id='word_1_121' title='bbox 1382 2035 1435 2102; x_wconf 87' lang='lat' dir='ltr'><strong>si</strong></span> <span class='ocrx_word' id='word_1_122' title='bbox 1452 2034 1560 2107; x_wconf 72' lang='grc' dir='ltr'><strong>’ἄν</strong></span> <span class='ocrx_word' id='word_1_123' title='bbox 1586 2037 1698 2104; x_wconf 83' lang='lat' dir='ltr'><strong>vel</strong></span> <span class='ocrx_word' id='word_1_124' title='bbox 1726 2038 1878 2108; x_wconf 69' lang='grc' dir='ltr'><strong>κένι</strong></span> <span class='ocrx_word' id='word_1_125' title='bbox 1928 2055 2072 2103; x_wconf 77' lang='lat' dir='ltr'><strong>non</strong></span> <span class='ocrx_word' id='word_1_126' title='bbox 2104 2035 2339 2104; x_wconf 79' lang='lat' dir='ltr'><strong>solum</strong></span> <span class='ocrx_word' id='word_1_127' title='bbox 2367 2033 2778 2104; x_wconf 75' lang='lat' dir='ltr'><strong>conditione</strong></span> <span class='ocrx_word' id='word_1_128' title='bbox 2809 2035 2952 2103; x_wconf 82' lang='lat' dir='ltr'><strong>ali-</strong></span> 
     </span>
     <span class='ocr_line' id='line_1_16' title="bbox 741 2135 2952 2232; baseline -0 -23"><span class='ocrx_word' id='word_1_129' title='bbox 741 2161 913 2232; x_wconf 73' lang='lat' dir='ltr'><strong>qua,</strong></span> <span class='ocrx_word' id='word_1_130' title='bbox 947 2138 1086 2209; x_wconf 81' lang='lat' dir='ltr'><strong>sed</strong></span> <span class='ocrx_word' id='word_1_131' title='bbox 1114 2137 1397 2207; x_wconf 69' lang='lat' dir='ltr'><strong>omnino</strong></span> <span class='ocrx_word' id='word_1_132' title='bbox 1427 2147 1576 2221; x_wconf 79' lang='lat' dir='ltr'><strong>est3</strong></span> <span class='ocrx_word' id='word_1_133' title='bbox 1615 2140 1671 2206; x_wconf 90' lang='lat' dir='ltr'><strong>si</strong></span> <span class='ocrx_word' id='word_1_134' title='bbox 1696 2140 1786 2211; x_wconf 78' lang='grc' dir='ltr'><strong>τέ</strong></span> <span class='ocrx_word' id='word_1_135' title='bbox 1799 2167 1821 2206; x_wconf 89' lang='grc'><strong>.·</strong></span> <span class='ocrx_word' id='word_1_136' title='bbox 1847 2160 1990 2207; x_wconf 82' lang='lat' dir='ltr'><strong>uon</strong></span> <span class='ocrx_word' id='word_1_137' title='bbox 2018 2138 2254 2207; x_wconf 80' lang='lat' dir='ltr'><strong>solum</strong></span> <span class='ocrx_word' id='word_1_138' title='bbox 2271 2135 2664 2231; x_wconf 76' lang='lat' dir='ltr'><strong>probabile</strong></span> <span class='ocrx_word' id='word_1_139' title='bbox 2693 2147 2762 2208; x_wconf 79' lang='lat' dir='ltr'><strong>et</strong></span> <span class='ocrx_word' id='word_1_140' title='bbox 2780 2161 2952 2208; x_wconf 81' lang='lat' dir='ltr'><strong>con·-</strong></span> 
     </span>
     <span class='ocr_line' id='line_1_17' title="bbox 739 2241 2097 2328; baseline 0.001 -16"><span class='ocrx_word' id='word_1_141' title='bbox 739 2250 1193 2328; x_wconf 76' lang='lat' dir='ltr'><strong>eentaneum,</strong></span> <span class='ocrx_word' id='word_1_142' title='bbox 1245 2241 1381 2309; x_wconf 78' lang='lat' dir='ltr'><strong>sed</strong></span> <span class='ocrx_word' id='word_1_143' title='bbox 1418 2241 1922 2311; x_wconf 77' lang='lat' dir='ltr'><strong>necessarium</strong></span> <span class='ocrx_word' id='word_1_144' title='bbox 1966 2249 2097 2315; x_wconf 78' lang='lat' dir='ltr'><strong>est.</strong></span> 
     </span>
    </p>

    <p class='ocr_par' dir='ltr' id='par_1_5' title="bbox 738 2343 2954 2540">
     <span class='ocr_line' id='line_1_18' title="bbox 943 2343 2954 2439; baseline -0.001 -24"><span class='ocrx_word' id='word_1_145' title='bbox 943 2346 1106 2415; x_wconf 83' lang='lat' dir='ltr'><strong>Non</strong></span> <span class='ocrx_word' id='word_1_146' title='bbox 1135 2344 1256 2411; x_wconf 82' lang='lat' dir='ltr'><strong>abs</strong></span> <span class='ocrx_word' id='word_1_147' title='bbox 1271 2367 1346 2412; x_wconf 87' lang='lat' dir='ltr'><strong>re</strong></span> <span class='ocrx_word' id='word_1_148' title='bbox 1367 2343 1591 2437; x_wconf 81' lang='lat' dir='ltr'><strong>fuerit,</strong></span> <span class='ocrx_word' id='word_1_149' title='bbox 1619 2344 1793 2415; x_wconf 89' lang='lat' dir='ltr'><strong>haec</strong></span> <span class='ocrx_word' id='word_1_150' title='bbox 1824 2346 2025 2416; x_wconf 87' lang='lat' dir='ltr'><strong>etiam</strong></span> <span class='ocrx_word' id='word_1_151' title='bbox 2053 2346 2184 2414; x_wconf 86' lang='lat' dir='ltr'><strong>alio</strong></span> <span class='ocrx_word' id='word_1_152' title='bbox 2206 2345 2518 2439; x_wconf 82' lang='lat' dir='ltr'><strong>exemplo</strong></span> <span class='ocrx_word' id='word_1_153' title='bbox 2535 2346 2954 2433; x_wconf 82' lang='lat' dir='ltr'><strong>confirmare,</strong></span> 
     </span>
     <span class='ocr_line' id='line_1_19' title="bbox 738 2442 1293 2540; baseline -0.002 -21"><span class='ocrx_word' id='word_1_154' title='bbox 738 2446 991 2540; x_wconf 74' lang='lat' dir='ltr'><strong>odyss.</strong></span> <span class='ocrx_word' id='word_1_155' title='bbox 1023 2475 1093 2522; x_wconf 88' lang='grc' dir='ltr'><strong>α.</strong></span> <span class='ocrx_word' id='word_1_156' title='bbox 1122 2442 1293 2518; x_wconf 70' lang='grc'><strong>197.</strong></span> 
     </span>
    </p>
   </div>
   <div class='ocr_carea' id='block_1_5' title="bbox 704 2589 2660 2701">
    <p class='ocr_par' dir='ltr' id='par_1_6' title="bbox 704 2589 2660 2701">
     <span class='ocr_line' id='line_1_20' title="bbox 704 2589 2660 2701; baseline -0.002 -26"><span class='ocrx_word' id='word_1_157' title='bbox 704 2686 709 2689; x_wconf 76' lang='lat'><em>.</em></span> <span class='ocrx_word' id='word_1_158' title='bbox 842 2596 1005 2678; x_wconf 72' lang='grc' dir='ltr'><strong>ἀλλ’</strong></span> <span class='ocrx_word' id='word_1_159' title='bbox 1056 2602 1173 2701; x_wconf 62' lang='grc' dir='ltr'><strong>ἔτ(</strong></span> <span class='ocrx_word' id='word_1_160' title='bbox 1219 2625 1361 2677; x_wconf 82' lang='grc' dir='ltr'><strong>που</strong></span> <span class='ocrx_word' id='word_1_161' title='bbox 1414 2592 1584 2689; x_wconf 73' lang='grc' dir='ltr'><strong>ζωός</strong></span> <span class='ocrx_word' id='word_1_162' title='bbox 1633 2589 2100 2693; x_wconf 70' lang='grc' dir='ltr'><strong>κάτερύκεται</strong></span> <span class='ocrx_word' id='word_1_163' title='bbox 2154 2596 2352 2697; x_wconf 69' lang='grc' dir='ltr'><em>εὐρέϊ</em></span> <span class='ocrx_word' id='word_1_164' title='bbox 2383 2593 2660 2700; x_wconf 61' lang='grc' dir='ltr'><strong>ἱπόντῳ.</strong></span> 
     </span>
    </p>
   </div>
   <div class='ocr_carea' id='block_1_6' title="bbox 736 2750 2958 3569">
    <p class='ocr_par' dir='ltr' id='par_1_7' title="bbox 736 2750 2958 3569">
     <span class='ocr_line' id='line_1_21' title="bbox 739 2750 2953 2849; baseline -0 -23"><span class='ocrx_word' id='word_1_165' title='bbox 739 2755 898 2826; x_wconf 84' lang='lat' dir='ltr'><strong>Non</strong></span> <span class='ocrx_word' id='word_1_166' title='bbox 940 2755 1163 2848; x_wconf 87' lang='lat' dir='ltr'><strong>potuit</strong></span> <span class='ocrx_word' id='word_1_167' title='bbox 1204 2752 1320 2822; x_wconf 86' lang='lat' dir='ltr'><strong>hic</strong></span> <span class='ocrx_word' id='word_1_168' title='bbox 1350 2750 1462 2842; x_wconf 75' lang='grc' dir='ltr'><strong>τέ,</strong></span> <span class='ocrx_word' id='word_1_169' title='bbox 1507 2764 1622 2823; x_wconf 84' lang='lat' dir='ltr'><strong>aut</strong></span> <span class='ocrx_word' id='word_1_170' title='bbox 1667 2755 1856 2845; x_wconf 88' lang='lat' dir='ltr'><strong>quod</strong></span> <span class='ocrx_word' id='word_1_171' title='bbox 1884 2756 2117 2848; x_wconf 87' lang='lat' dir='ltr'><strong>paullo</strong></span> <span class='ocrx_word' id='word_1_172' title='bbox 2148 2755 2384 2827; x_wconf 87' lang='lat' dir='ltr'><strong>fortius</strong></span> <span class='ocrx_word' id='word_1_173' title='bbox 2427 2768 2549 2843; x_wconf 77' lang='lat' dir='ltr'><strong>est,</strong></span> <span class='ocrx_word' id='word_1_174' title='bbox 2602 2755 2721 2828; x_wconf 81' lang='grc' dir='ltr'><strong>τοὶ</strong></span> <span class='ocrx_word' id='word_1_175' title='bbox 2766 2758 2953 2849; x_wconf 87' lang='lat' dir='ltr'><strong>poni.</strong></span> 
     </span>
     <span class='ocr_line' id='line_1_22' title="bbox 738 2856 2957 2950; baseline -0 -23"><span class='ocrx_word' id='word_1_176' title='bbox 738 2858 893 2927; x_wconf 87' lang='lat' dir='ltr'><strong>Hac</strong></span> <span class='ocrx_word' id='word_1_177' title='bbox 936 2859 1113 2926; x_wconf 81' lang='lat' dir='ltr'><strong>enim</strong></span> <span class='ocrx_word' id='word_1_178' title='bbox 1149 2858 1481 2950; x_wconf 82' lang='lat' dir='ltr'><strong>particula</strong></span> <span class='ocrx_word' id='word_1_179' title='bbox 1511 2859 1837 2927; x_wconf 85' lang='lat' dir='ltr'><strong>indicaret</strong></span> <span class='ocrx_word' id='word_1_180' title='bbox 1864 2857 2208 2947; x_wconf 83' lang='lat' dir='ltr'><strong>Minerva,</strong></span> <span class='ocrx_word' id='word_1_181' title='bbox 2252 2881 2391 2928; x_wconf 89' lang='lat' dir='ltr'><strong>non</strong></span> <span class='ocrx_word' id='word_1_182' title='bbox 2425 2860 2632 2927; x_wconf 89' lang='lat' dir='ltr'><strong>modo</strong></span> <span class='ocrx_word' id='word_1_183' title='bbox 2681 2883 2790 2942; x_wconf 77' lang='lat' dir='ltr'><strong>se,</strong></span> <span class='ocrx_word' id='word_1_184' title='bbox 2831 2856 2957 2928; x_wconf 88' lang='lat' dir='ltr'><strong>sed</strong></span> 
     </span>
     <span class='ocr_line' id='line_1_23' title="bbox 740 2960 2958 3053; baseline -0.001 -22"><span class='ocrx_word' id='word_1_185' title='bbox 740 2962 941 3031; x_wconf 81' lang='lat' dir='ltr'><strong>etiam</strong></span> <span class='ocrx_word' id='word_1_186' title='bbox 982 2960 1509 3049; x_wconf 77' lang='lat' dir='ltr'><strong>Telemachum,</strong></span> <span class='ocrx_word' id='word_1_187' title='bbox 1580 2984 1785 3051; x_wconf 89' lang='lat' dir='ltr'><strong>quem</strong></span> <span class='ocrx_word' id='word_1_188' title='bbox 1821 2962 2217 3053; x_wconf 85' lang='lat' dir='ltr'><strong>alloquitur,</strong></span> <span class='ocrx_word' id='word_1_189' title='bbox 2297 2973 2554 3031; x_wconf 85' lang='lat' dir='ltr'><strong>tantum</strong></span> <span class='ocrx_word' id='word_1_190' title='bbox 2587 2963 2827 3031; x_wconf 72' lang='lat' dir='ltr'><strong>abesse</strong></span> <span class='ocrx_word' id='word_1_191' title='bbox 2883 2973 2958 3030; x_wconf 88' lang='lat' dir='ltr'><strong>ut</strong></span> 
     </span>
     <span class='ocr_line' id='line_1_24' title="bbox 738 3064 2955 3158; baseline 0 -24"><span class='ocrx_word' id='word_1_192' title='bbox 738 3073 1079 3134; x_wconf 88' lang='lat' dir='ltr'><strong>mortuum</strong></span> <span class='ocrx_word' id='word_1_193' title='bbox 1107 3072 1350 3156; x_wconf 85' lang='lat' dir='ltr'><strong>putent</strong></span> <span class='ocrx_word' id='word_1_194' title='bbox 1393 3064 1740 3155; x_wconf 78' lang='lat' dir='ltr'><strong>Vlyssem‚</strong></span> <span class='ocrx_word' id='word_1_195' title='bbox 1793 3073 1869 3133; x_wconf 87' lang='lat' dir='ltr'><strong>ut</strong></span> <span class='ocrx_word' id='word_1_196' title='bbox 1917 3088 2073 3134; x_wconf 87' lang='lat' dir='ltr'><strong>eum</strong></span> <span class='ocrx_word' id='word_1_197' title='bbox 2118 3068 2342 3134; x_wconf 83' lang='lat' dir='ltr'><strong>vivere</strong></span> <span class='ocrx_word' id='word_1_198' title='bbox 2375 3089 2623 3158; x_wconf 88' lang='lat' dir='ltr'><strong>parum</strong></span> <span class='ocrx_word' id='word_1_199' title='bbox 2651 3065 2955 3151; x_wconf 83' lang='lat' dir='ltr'><strong>dubium,</strong></span> 
     </span>
     <span class='ocr_line' id='line_1_25' title="bbox 736 3167 2958 3262; baseline -0.001 -23"><span class='ocrx_word' id='word_1_200' title='bbox 736 3171 945 3239; x_wconf 74' lang='lat' dir='ltr'><strong>imum</strong></span> <span class='ocrx_word' id='word_1_201' title='bbox 969 3168 1328 3262; x_wconf 78' lang='lat' dir='ltr'><strong>probabile</strong></span> <span class='ocrx_word' id='word_1_202' title='bbox 1359 3188 1507 3237; x_wconf 84' lang='lat' dir='ltr'><strong>esse</strong></span> <span class='ocrx_word' id='word_1_203' title='bbox 1536 3168 1837 3239; x_wconf 78' lang='lat' dir='ltr'><strong>credant.</strong></span> <span class='ocrx_word' id='word_1_204' title='bbox 1907 3167 2162 3237; x_wconf 82' lang='lat' dir='ltr'><strong>Contra</strong></span> <span class='ocrx_word' id='word_1_205' title='bbox 2190 3171 2244 3237; x_wconf 89' lang='lat' dir='ltr'><strong>si</strong></span> <span class='ocrx_word' id='word_1_206' title='bbox 2280 3171 2443 3250; x_wconf 78' lang='grc' dir='ltr'><strong><em>ἴσως</em></strong></span> <span class='ocrx_word' id='word_1_207' title='bbox 2474 3169 2763 3251; x_wconf 71' lang='lat' dir='ltr'><strong>dixisset,</strong></span> <span class='ocrx_word' id='word_1_208' title='bbox 2814 3191 2958 3237; x_wconf 86' lang='lat' dir='ltr'><strong>non</strong></span> 
     </span>
     <span class='ocr_line' id='line_1_26' title="bbox 736 3271 2954 3365; baseline -0.001 -22"><span class='ocrx_word' id='word_1_209' title='bbox 736 3273 1020 3343; x_wconf 75' lang='lat' dir='ltr'><strong>multum</strong></span> <span class='ocrx_word' id='word_1_210' title='bbox 1049 3272 1363 3365; x_wconf 84' lang='lat' dir='ltr'><strong>profecto</strong></span> <span class='ocrx_word' id='word_1_211' title='bbox 1392 3272 1777 3341; x_wconf 85' lang='lat' dir='ltr'><strong>contulisset</strong></span> <span class='ocrx_word' id='word_1_212' title='bbox 1808 3271 1899 3338; x_wconf 89' lang='lat' dir='ltr'><strong>ad</strong></span> <span class='ocrx_word' id='word_1_213' title='bbox 1926 3272 2409 3340; x_wconf 87' lang='lat' dir='ltr'><strong>consolandum</strong></span> <span class='ocrx_word' id='word_1_214' title='bbox 2427 3272 2954 3340; x_wconf 81' lang='lat' dir='ltr'><strong>Telemachum:</strong></span> 
     </span>
     <span class='ocr_line' id='line_1_27' title="bbox 736 3375 2953 3469; baseline -0.002 -22"><span class='ocrx_word' id='word_1_215' title='bbox 736 3399 894 3447; x_wconf 88' lang='lat' dir='ltr'><strong>nam</strong></span> <span class='ocrx_word' id='word_1_216' title='bbox 919 3377 1068 3469; x_wconf 88' lang='lat' dir='ltr'><strong>ipse</strong></span> <span class='ocrx_word' id='word_1_217' title='bbox 1092 3376 1364 3460; x_wconf 83' lang='lat' dir='ltr'><strong>sciebat,</strong></span> <span class='ocrx_word' id='word_1_218' title='bbox 1416 3375 1740 3464; x_wconf 81' lang='lat' dir='ltr'><strong>quamdiu</strong></span> <span class='ocrx_word' id='word_1_219' title='bbox 1773 3396 1911 3442; x_wconf 91' lang='lat' dir='ltr'><strong>non</strong></span> <span class='ocrx_word' id='word_1_220' title='bbox 1947 3385 2283 3443; x_wconf 88' lang='lat' dir='ltr'><strong>constaret</strong></span> <span class='ocrx_word' id='word_1_221' title='bbox 2310 3375 2400 3443; x_wconf 92' lang='lat' dir='ltr'><strong>de</strong></span> <span class='ocrx_word' id='word_1_222' title='bbox 2429 3385 2645 3443; x_wconf 84' lang='lat' dir='ltr'><strong>morte</strong></span> <span class='ocrx_word' id='word_1_223' title='bbox 2678 3376 2953 3465; x_wconf 77' lang='lat' dir='ltr'><strong>Vlyssis‚</strong></span> 
     </span>
     <span class='ocr_line' id='line_1_28' title="bbox 736 3478 2954 3569; baseline -0.001 -20"><span class='ocrx_word' id='word_1_224' title='bbox 736 3480 1015 3549; x_wconf 83' lang='lat' dir='ltr'><strong>forsitan</strong></span> <span class='ocrx_word' id='word_1_225' title='bbox 1045 3479 1269 3546; x_wconf 82' lang='lat' dir='ltr'><strong>vivere</strong></span> <span class='ocrx_word' id='word_1_226' title='bbox 1294 3478 1501 3565; x_wconf 86' lang='lat' dir='ltr'><strong>illum,</strong></span> <span class='ocrx_word' id='word_1_227' title='bbox 1535 3479 1733 3545; x_wconf 86' lang='lat' dir='ltr'><strong>etiam</strong></span> <span class='ocrx_word' id='word_1_228' title='bbox 1757 3478 2064 3569; x_wconf 83' lang='lat' dir='ltr'><strong>siparum</strong></span> <span class='ocrx_word' id='word_1_229' title='bbox 2092 3487 2267 3547; x_wconf 85' lang='lat' dir='ltr'><strong>esset</strong></span> <span class='ocrx_word' id='word_1_230' title='bbox 2294 3479 2672 3549; x_wconf 81' lang='lat' dir='ltr'><strong>verisimile.</strong></span> <span class='ocrx_word' id='word_1_231' title='bbox 2729 3478 2954 3548; x_wconf 86' lang='lat' dir='ltr'><strong>Multo</strong></span> 
     </span>
    </p>
   </div>
   <div class='ocr_carea' id='block_1_7' title="bbox 588 3571 2954 3674">
    <p class='ocr_par' dir='ltr' id='par_1_8' title="bbox 588 3571 2954 3674">
     <span class='ocr_line' id='line_1_29' title="bbox 588 3571 2954 3674; baseline -0.001 -24"><span class='ocrx_word' id='word_1_232' title='bbox 588 3616 602 3634; x_wconf 76' lang='lat'>=</span> <span class='ocrx_word' id='word_1_233' title='bbox 738 3583 952 3650; x_wconf 85' lang='lat' dir='ltr'><strong>minus</strong></span> <span class='ocrx_word' id='word_1_234' title='bbox 987 3581 1315 3674; x_wconf 86' lang='lat' dir='ltr'><strong>particula</strong></span> <span class='ocrx_word' id='word_1_235' title='bbox 1356 3581 1474 3652; x_wconf 73' lang='grc' dir='ltr'><strong>κέν</strong></span> <span class='ocrx_word' id='word_1_236' title='bbox 1509 3581 1819 3649; x_wconf 84' lang='lat' dir='ltr'><strong>adhiberi</strong></span> <span class='ocrx_word' id='word_1_237' title='bbox 1850 3571 2090 3673; x_wconf 76' lang='lat' dir='ltr'><strong>potuit.</strong></span> <span class='ocrx_word' id='word_1_238' title='bbox 2194 3582 2297 3650; x_wconf 88' lang='lat' dir='ltr'><strong>lta</strong></span> <span class='ocrx_word' id='word_1_239' title='bbox 2338 3577 2513 3650; x_wconf 88' lang='lat' dir='ltr'><strong>enim</strong></span> <span class='ocrx_word' id='word_1_240' title='bbox 2547 3582 2954 3673; x_wconf 82' lang='lat' dir='ltr'><strong>significaret</strong></span> 
     </span>
    </p>
   </div>
   <div class='ocr_carea' id='block_1_8' title="bbox 732 3682 2956 3977">
    <p class='ocr_par' dir='ltr' id='par_1_9' title="bbox 732 3682 2956 3977">
     <span class='ocr_line' id='line_1_30' title="bbox 733 3682 2956 3778; baseline -0.001 -24"><span class='ocrx_word' id='word_1_241' title='bbox 733 3685 1072 3770; x_wconf 79' lang='lat' dir='ltr'><strong>Minerva,</strong></span> <span class='ocrx_word' id='word_1_242' title='bbox 1123 3706 1197 3752; x_wconf 84' lang='lat' dir='ltr'><strong>se</strong></span> <span class='ocrx_word' id='word_1_243' title='bbox 1242 3682 1314 3751; x_wconf 92' lang='lat' dir='ltr'><strong>id</strong></span> <span class='ocrx_word' id='word_1_244' title='bbox 1345 3705 1647 3769; x_wconf 89' lang='lat' dir='ltr'><strong>sumere,</strong></span> <span class='ocrx_word' id='word_1_245' title='bbox 1697 3694 2041 3775; x_wconf 86' lang='lat' dir='ltr'><strong>tamquam</strong></span> <span class='ocrx_word' id='word_1_246' title='bbox 2071 3684 2259 3774; x_wconf 89' lang='lat' dir='ltr'><strong>quod</strong></span> <span class='ocrx_word' id='word_1_247' title='bbox 2290 3708 2449 3753; x_wconf 87' lang='lat' dir='ltr'><strong>casu</strong></span> <span class='ocrx_word' id='word_1_248' title='bbox 2478 3686 2787 3753; x_wconf 82' lang='lat' dir='ltr'><strong>accidere</strong></span> <span class='ocrx_word' id='word_1_249' title='bbox 2817 3706 2956 3778; x_wconf 85' lang='lat' dir='ltr'><strong>po·</strong></span> 
     </span>
     <span class='ocr_line' id='line_1_31' title="bbox 732 3780 2954 3881; baseline -0.002 -23"><span class='ocrx_word' id='word_1_250' title='bbox 732 3788 972 3871; x_wconf 84' lang='lat' dir='ltr'><strong>tuerit,</strong></span> <span class='ocrx_word' id='word_1_251' title='bbox 1035 3787 1261 3856; x_wconf 72' lang='lat' dir='ltr'><strong>vivere</strong></span> <span class='ocrx_word' id='word_1_252' title='bbox 1305 3785 1654 3876; x_wconf 61' lang='lat' dir='ltr'><strong>nyssena,</strong></span> <span class='ocrx_word' id='word_1_253' title='bbox 1698 3789 1752 3855; x_wconf 91' lang='lat' dir='ltr'><strong>si</strong></span> <span class='ocrx_word' id='word_1_254' title='bbox 1788 3810 1926 3855; x_wconf 89' lang='lat' dir='ltr'><strong>non</strong></span> <span class='ocrx_word' id='word_1_255' title='bbox 1970 3788 2293 3881; x_wconf 83' lang='lat' dir='ltr'><strong>periisset.</strong></span> <span class='ocrx_word' id='word_1_256' title='bbox 2400 3787 2610 3872; x_wconf 81' lang='lat' dir='ltr'><strong>Quod</strong></span> <span class='ocrx_word' id='word_1_257' title='bbox 2657 3780 2954 3856; x_wconf 75' lang='lat' dir='ltr'><strong>Germa-</strong></span> 
     </span>
     <span class='ocr_line' id='line_1_32' title="bbox 732 3888 2954 3977; baseline -0.002 -15"><span class='ocrx_word' id='word_1_258' title='bbox 732 3892 886 3962; x_wconf 87' lang='lat' dir='ltr'><strong>nice</strong></span> <span class='ocrx_word' id='word_1_259' title='bbox 916 3890 1137 3977; x_wconf 85' lang='lat' dir='ltr'><strong>dicas,</strong></span> <span class='ocrx_word' id='word_1_260' title='bbox 1189 3911 1275 3959; x_wconf 84' lang='lat' dir='ltr'><strong>er</strong></span> <span class='ocrx_word' id='word_1_261' title='bbox 1323 3888 1471 3958; x_wconf 77' lang='lat' dir='ltr'><strong>lebt</strong></span> <span class='ocrx_word' id='word_1_262' title='bbox 1508 3899 1702 3960; x_wconf 84' lang='lat' dir='ltr'><strong>etwa</strong></span> <span class='ocrx_word' id='word_1_263' title='bbox 1737 3890 1943 3963; x_wconf 79' lang='lat' dir='ltr'><strong>noch.</strong></span> <span class='ocrx_word' id='word_1_264' title='bbox 2044 3891 2138 3959; x_wconf 86' lang='lat' dir='ltr'><strong>At</strong></span> <span class='ocrx_word' id='word_1_265' title='bbox 2179 3892 2352 3959; x_wconf 87' lang='lat' dir='ltr'><strong>haec</strong></span> <span class='ocrx_word' id='word_1_266' title='bbox 2395 3900 2534 3959; x_wconf 89' lang='lat' dir='ltr'><strong>tam</strong></span> <span class='ocrx_word' id='word_1_267' title='bbox 2567 3892 2748 3960; x_wconf 90' lang='lat' dir='ltr'><strong>nulla</strong></span> <span class='ocrx_word' id='word_1_268' title='bbox 2787 3892 2954 3959; x_wconf 85' lang='lat' dir='ltr'><strong>fuis-</strong></span> 
     </span>
    </p>
   </div>
   <div class='ocr_carea' id='block_1_9' title="bbox 736 3993 3069 4087">
    <p class='ocr_par' dir='ltr' id='par_1_10' title="bbox 736 3993 3069 4087">
     <span class='ocr_line' id='line_1_33' title="bbox 736 3993 3069 4087; baseline -0.001 -22"><span class='ocrx_word' id='word_1_269' title='bbox 736 4004 840 4065; x_wconf 89' lang='lat' dir='ltr'><strong>set</strong></span> <span class='ocrx_word' id='word_1_270' title='bbox 863 3994 1254 4082; x_wconf 88' lang='lat' dir='ltr'><strong>consolatio,</strong></span> <span class='ocrx_word' id='word_1_271' title='bbox 1305 4001 1381 4061; x_wconf 85' lang='lat' dir='ltr'><strong>ut</strong></span> <span class='ocrx_word' id='word_1_272' title='bbox 1410 3994 1611 4063; x_wconf 90' lang='lat' dir='ltr'><strong>etiam</strong></span> <span class='ocrx_word' id='word_1_273' title='bbox 1638 3994 1940 4063; x_wconf 86' lang='lat' dir='ltr'><strong>minuere</strong></span> <span class='ocrx_word' id='word_1_274' title='bbox 1971 3993 2310 4064; x_wconf 85' lang='lat' dir='ltr'><strong>debuisset</strong></span> <span class='ocrx_word' id='word_1_275' title='bbox 2337 4017 2553 4087; x_wconf 88' lang='lat' dir='ltr'><strong>spem,</strong></span> <span class='ocrx_word' id='word_1_276' title='bbox 2597 4014 2773 4086; x_wconf 87' lang='lat' dir='ltr'><strong>quae</strong></span> <span class='ocrx_word' id='word_1_277' title='bbox 2804 3995 2953 4063; x_wconf 75' lang='lat' dir='ltr'><strong>&#39;l&#39;e-</strong></span> <span class='ocrx_word' id='word_1_278' title='bbox 3060 4070 3069 4079; x_wconf 35' lang='lat'>⁸</span> 
     </span>
    </p>
   </div>
   <div class='ocr_carea' id='block_1_10' title="bbox 733 4093 2955 4507">
    <p class='ocr_par' dir='ltr' id='par_1_11' title="bbox 733 4093 2955 4507">
     <span class='ocr_line' id='line_1_34' title="bbox 733 4093 2953 4190; baseline -0.001 -23"><span class='ocrx_word' id='word_1_279' title='bbox 733 4093 1047 4167; x_wconf 86' lang='lat' dir='ltr'><strong>lemacho</strong></span> <span class='ocrx_word' id='word_1_280' title='bbox 1073 4096 1442 4165; x_wconf 83' lang='lat' dir='ltr'><strong>admodum</strong></span> <span class='ocrx_word' id='word_1_281' title='bbox 1472 4099 1719 4190; x_wconf 82' lang='lat' dir='ltr'><strong>exigua</strong></span> <span class='ocrx_word' id='word_1_282' title='bbox 1743 4099 1978 4168; x_wconf 87' lang='lat' dir='ltr'><strong>relicta</strong></span> <span class='ocrx_word' id='word_1_283' title='bbox 2008 4105 2173 4166; x_wconf 88' lang='lat' dir='ltr'><strong>erat.</strong></span> <span class='ocrx_word' id='word_1_284' title='bbox 2274 4097 2385 4166; x_wconf 82' lang='lat' dir='ltr'><strong>Ex</strong></span> <span class='ocrx_word' id='word_1_285' title='bbox 2421 4098 2524 4166; x_wconf 87' lang='lat' dir='ltr'><strong>his</strong></span> <span class='ocrx_word' id='word_1_286' title='bbox 2549 4107 2776 4190; x_wconf 88' lang='lat' dir='ltr'><strong>patet,</strong></span> <span class='ocrx_word' id='word_1_287' title='bbox 2827 4121 2953 4166; x_wconf 89' lang='lat' dir='ltr'><strong>ne-</strong></span> 
     </span>
     <span class='ocr_line' id='line_1_35' title="bbox 736 4194 2955 4294; baseline -0.001 -24"><span class='ocrx_word' id='word_1_288' title='bbox 736 4200 1025 4270; x_wconf 80' lang='lat' dir='ltr'><strong>cessario</strong></span> <span class='ocrx_word' id='word_1_289' title='bbox 1066 4199 1392 4268; x_wconf 87' lang='lat' dir='ltr'><strong>utendum</strong></span> <span class='ocrx_word' id='word_1_290' title='bbox 1423 4202 1641 4271; x_wconf 70' lang='lat' dir='ltr'><strong>fuisse</strong></span> <span class='ocrx_word' id='word_1_291' title='bbox 1674 4201 2007 4294; x_wconf 85' lang='lat' dir='ltr'><strong>particula</strong></span> <span class='ocrx_word' id='word_1_292' title='bbox 2048 4194 2234 4290; x_wconf 80' lang='grc' dir='ltr'><strong><em>πού,</em></strong></span> <span class='ocrx_word' id='word_1_293' title='bbox 2302 4223 2479 4292; x_wconf 89' lang='lat' dir='ltr'><strong>quae</strong></span> <span class='ocrx_word' id='word_1_294' title='bbox 2523 4202 2678 4292; x_wconf 85' lang='lat' dir='ltr'><strong>quia</strong></span> <span class='ocrx_word' id='word_1_295' title='bbox 2720 4200 2955 4293; x_wconf 88' lang='lat' dir='ltr'><strong>prodit</strong></span> 
     </span>
     <span class='ocr_line' id='line_1_36' title="bbox 735 4303 2951 4398; baseline -0.001 -23"><span class='ocrx_word' id='word_1_296' title='bbox 735 4305 1112 4389; x_wconf 77' lang='lat' dir='ltr'><strong>Minervam</strong></span> <span class='ocrx_word' id='word_1_297' title='bbox 1145 4304 1500 4373; x_wconf 81' lang='lat' dir='ltr'><strong>verisimile</strong></span> <span class='ocrx_word' id='word_1_298' title='bbox 1532 4315 1775 4397; x_wconf 84' lang='lat' dir='ltr'><strong>putare</strong></span> <span class='ocrx_word' id='word_1_299' title='bbox 1807 4304 2033 4374; x_wconf 79' lang='lat' dir='ltr'><strong>vivere</strong></span> <span class='ocrx_word' id='word_1_300' title='bbox 2069 4303 2408 4398; x_wconf 70' lang='lat' dir='ltr'><strong>Vlyssem‚</strong></span> <span class='ocrx_word' id='word_1_301' title='bbox 2461 4306 2603 4376; x_wconf 82' lang='lat' dir='ltr'><strong>sola</strong></span> <span class='ocrx_word' id='word_1_302' title='bbox 2632 4305 2951 4376; x_wconf 84' lang='lat' dir='ltr'><strong>Telema-</strong></span> 
     </span>
     <span class='ocr_line' id='line_1_37' title="bbox 737 4405 2313 4507; baseline 0 -29"><span class='ocrx_word' id='word_1_303' title='bbox 737 4408 942 4480; x_wconf 84' lang='lat' dir='ltr'><strong>chum</strong></span> <span class='ocrx_word' id='word_1_304' title='bbox 973 4405 1065 4479; x_wconf 72' lang='lat' dir='ltr'><strong>ad</strong></span> <span class='ocrx_word' id='word_1_305' title='bbox 1095 4406 1402 4481; x_wconf 88' lang='lat' dir='ltr'><strong>eamdem</strong></span> <span class='ocrx_word' id='word_1_306' title='bbox 1429 4416 1660 4507; x_wconf 84' lang='lat' dir='ltr'><strong>potest</strong></span> <span class='ocrx_word' id='word_1_307' title='bbox 1682 4406 1999 4481; x_wconf 82' lang='lat' dir='ltr'><strong>fiduciam</strong></span> <span class='ocrx_word' id='word_1_308' title='bbox 2030 4408 2313 4505; x_wconf 81' lang='lat' dir='ltr'><strong>erigere.</strong></span> 
     </span>
    </p>
   </div>
  </div>
 </body>
</html>
