3259 5275
1084 470 1696 532 COLVTHI.
2379 478 2508 544 m

292 662 482 732 dendi
516 662 820 733 laborem
857 670 933 731 ιιι
974 660 1324 732 sordidum
1364 668 1866 730 contemnentes
1879 710 1901 746 ‚
1950 661 2502 737 incantationibus

291 765 679 858 quibusdam
706 777 778 836 et
799 767 1200 860 praestigiis,
1237 765 1404 836 dum
1432 763 1643 835 modo
1672 763 1936 849 credaS,
1970 765 2280 835 morbida
2315 793 2500 863 sana,

288 872 702 965 genuinaque
734 871 959 963 spuria
998 893 1147 939 esse
1178 868 1610 963 persuadent.
1719 867 1904 953 Quin
1935 878 2012 937 ut
2037 891 2258 961 nuper
2287 877 2499 943 exorti

288 984 428 1043 sunt
470 974 716 1043 medici
731 1026 752 1061 ,
820 974 936 1065 qui
981 974 1175 1044 unius
1214 973 1511 1065 scrupuli
1552 971 1976 1040 infinitesima
2012 983 2211 1065 parte
2251 998 2497 1068 graves

286 1079 547 1147 morbos
566 1078 975 1172 profligant,
1026 1079 1122 1148 sic
1151 1077 1351 1147 etiam
1391 1075 1600 1146 critici
1627 1074 1905 1165 quidam
1931 1076 2228 1166 aliquam
2255 1089 2498 1150 norunt

286 1176 826 1274 ὁμοιοπάθειαν
846 1229 880 1262 ,
930 1182 1046 1272 qui
1079 1204 1212 1275 pro
1243 1180 1615 1275 persanatis
1659 1178 1961 1249 vendunt
1997 1182 2388 1273 scriptores,
2441 1186 2500 1254 si

284 1285 348 1353 in
378 1285 605 1353 Attico
646 1278 772 1368 ξῦν
817 1307 946 1377 pro
992 1277 1164 1374 σύν,
1217 1285 1289 1354 in
1318 1284 1604 1357 Aeolico
1641 1286 1733 1356 σδ
1754 1305 1889 1374 pro
1932 1282 2335 1374 (dederint,
2388 1288 2499 1356 vel

284 1388 530 1477 aliquos
559 1388 687 1457 sibi
716 1388 896 1458 visos
932 1388 1396 1480 soloecismos,
1451 1387 1696 1480 quibus
1727 1396 1803 1454 ιιι
1835 1386 2007 1456 feles
2042 1389 2343 1459 muribus
2388 1390 2495 1460 in-

284 1491 626 1576 sidiantur,
688 1492 1121 1565 removerint.
1225 1493 1582 1562 Postremo
1622 1499 1699 1559 ut
1736 1489 1983 1558 medici
2024 1491 2327 1561 officium
2371 1503 2495 1583 est,

284 1595 526 1663 nobiles
568 1595 755 1663 iuxta
795 1605 865 1664 et
908 1594 1280 1689 ignobiles,
1332 1595 1570 1666 divites
1618 1603 1687 1663 et
1725 1616 2110 1686 pauperes,
2159 1597 2496 1688 optimum

283 1720 607 1789 quemque
648 1707 717 1767 et
753 1698 1119 1792 pessimum
1156 1722 1425 1768 curare.
1478 1700 1576 1769 sic
1620 1699 1823 1768 etiam
1862 1698 2071 1766 critici
2104 1709 2248 1784 est,
2301 1714 2545 1792 quo-5

283 1823 409 1889 quo
431 1811 736 1889 vocetur,
790 1824 927 1871 nou
969 1812 1250 1895 gravate
1276 1802 1726 1924 opitulatum
1706 1824 1827 1889 ire,
1877 1823 2005 1870 nec
2034 1802 2152 1892 qui
2175 1803 2260 1872 sit
2286 1826 2494 1895 quem

287 1927 505 1973 curare
532 1906 867 1993 iubeatur,
919 1906 1042 1978 sed
1071 1929 1157 1975 an
1177 1906 1330 2000 opis
1364 1907 1448 1976 sit
1477 1905 1783 1999 indigens
1815 1926 2166 1996 quaerere.
2230 1906 2327 1975 Et
2355 1907 2495 1977 hoc

284 2009 542 2098 quidem
587 2009 758 2077 mihi
802 2032 1012 2102 spero
1039 2011 1449 2079 excusationi
1477 2011 1628 2079 fore
1651 2057 1676 2096 ,
1726 2007 2063 2099 Golntho,
2116 2010 2171 2078 si
2212 2012 2493 2102 possim,

285 2112 683 2181 salutiferam
720 2136 993 2183 manum
1043 2113 1461 2184 admoventi:
1514 2113 1633 2203 qui
1659 2111 1872 2181 homo
1916 2112 1972 2180 si
2005 2134 2145 2181 non
2182 2113 2490 2207 scripsis-

284 2225 377 2282 set
401 2238 673 2285 carmen
714 2215 881 2285 illud
926 2216 1111 2308 quod
1134 2216 1465 2287 habemus
1480 2267 1504 2308 ,
1554 2239 1693 2286 non
1719 2216 1877 2307 plus
1918 2214 2145 2285 damni
2177 2216 2492 2288 fecissent

285 2318 564 2405 litterae,
623 2341 829 2410 quam
861 2343 1074 2412 quum
1118 2321 1383 2414 scripsit
1417 2321 1583 2390 lucri
1610 2321 1938 2393 fecerunt.
2043 2318 2189 2388 Sed
2225 2321 2491 2414 scripsit

284 2422 419 2509 ille,
468 2423 934 2517 scriptumque
979 2425 1119 2493 eius
1167 2425 1462 2518 pessime
1498 2423 1803 2492 nabitum
1840 2422 1932 2490 ad
1975 2444 2099 2493 nos
2136 2425 2488 2514 pervenit:

284 2534 368 2612 m,
417 2527 623 2595 etiam
648 2527 701 2595 si
725 2527 892 2597 nihil
914 2528 1204 2620 praemii
1236 2529 1589 2620 promittat
1622 2526 1962 2597 medelam
1986 2525 2293 2616 allaturo,
2349 2527 2487 2598 sal-

282 2638 408 2698 tem
436 2630 545 2699 vel
575 2631 1036 2702 misericordia
1066 2631 1318 2726 dignus
1349 2631 1676 2719 videatur,
1714 2630 1846 2719 vel,
1882 2641 1959 2700 ut
1981 2629 2054 2699 in
2096 2630 2211 2699 vili
2239 2632 2487 2725 capite,

285 2735 728 2825 experimenta
764 2736 995 2805 facere
1036 2737 1255 2805 liceat.
1323 2736 1707 2825 Vtrumque
1739 2734 1803 2804 ei
1838 2756 2046 2828 supra
2063 2757 2270 2826 quam
2298 2735 2487 2804 credi

284 2846 537 2927 poterat
577 2840 899 2933 contigit,
949 2841 1108 2909 licet
1150 2861 1289 2908 non
1321 2861 1573 2933 magno
1607 2860 1767 2907 cum
1803 2837 2052 2912 fructu.
2156 2838 2486 2932 Lennepii

287 2940 450 3009 enim
479 2942 787 3012 iuvenilis
832 2965 1077 3036 opera,
1127 2965 1268 3012 non
1292 2942 1504 3037 digna
1531 2942 1646 3012 illa
1671 2964 1848 3034 quae
1875 2942 1947 3010 in
1971 2939 2303 3010 hodierna
2329 2942 2483 3011 luce

287 3043 639 3115 litterarum
692 3045 920 3115 denuo
958 3045 1145 3140 typis
1199 3046 1693 3116 describeretur
1707 3098 1728 3137 ,
1799 3045 1972 3114 sicut
2008 3044 2126 3112 illo
2168 3052 2481 3136 tempore

286 3147 533 3217 solimm
576 3159 747 3235 erat,
794 3172 923 3219 nec
960 3160 1189 3220 nostro
1222 3150 1514 3220 insolens
1553 3158 1677 3237 est,
1726 3149 1945 3242 magis
1968 3147 2039 3216 iu
2068 3169 2481 3240 expromen-

288 3247 379 3318 dis
419 3253 647 3321 alienis
665 3301 686 3336 ,
739 3276 944 3343 qnam
985 3254 1058 3323 in
1103 3253 1468 3323 afferendis
1512 3275 1691 3343 quae
1744 3251 1837 3321 ad
1875 3274 2023 3320 rem
2067 3251 2483 3343 pertinerent

289 3374 422 3422 sese
447 3356 757 3428 iactabat.
820 3359 1152 3427 Nimirum
1185 3358 1253 3427 in
1288 3357 1594 3427 familiari
1622 3356 1970 3425 hominum
1995 3354 2479 3424 consuetudine

289 3464 351 3522 et
384 3458 639 3529 circulis
682 3461 797 3551 qui
840 3484 976 3531 non
1011 3461 1200 3553 quod
1234 3463 1681 3554 interrogatus
1712 3467 1860 3528 erat
1902 3456 2307 3549 respondet,
2351 3457 2478 3527 sed

280 3558 666 3632 alienissima
700 3587 1012 3656 quaeque
1049 3566 1159 3634 vel
1186 3566 1400 3635 multo
1427 3565 1620 3634 laxae
1660 3563 1973 3632 orationis
2000 3561 2273 3630 flumine
2300 3583 2476 3653 pro-
2561 3562 2576 3575 ⁰

289 3659 525 3752 fundit,
574 3668 689 3736 vel
714 3668 925 3737 cruda
962 3692 1116 3737 cum
1146 3669 1473 3739 brevitate
1505 3666 1832 3737 fastidiosi
1857 3664 2196 3758 supercilii
2219 3665 2477 3735 iacula-

288 3772 420 3854 tur,
466 3770 810 3891 impolitus
857 3783 927 3841 et
972 3773 1249 3842 stolidus
1291 3772 1530 3841 haberi
1578 3772 1783 3841 solet·
1831 3771 1905 3838 iu
1941 3768 2203 3860 scriptis
2250 3778 2479 3838 autem

288 3889 412 3956 quo
436 3874 581 3962 quis
605 3876 808 3967 plura
840 3900 883 3944 a
903 3876 1258 3969 proposito
1289 3875 1755 3957 abhorrentia,
1807 3894 2120 3964 quaeque
2145 3872 2280 3940 iam
2306 3873 2475 3942 scire

291 3972 441 4041 nolis
475 3988 834 4069 congerat,
887 4002 972 4048 eo
1000 3980 1192 4050 multi
1226 3989 1297 4048 et
1338 3979 1712 4048 doctiorem
1750 3987 1819 4046 et
1856 3975 2287 4046 eruditiorem
2328 3999 2476 4045 esse

292 4075 673 4151 existimant.
724 4104 865 4173 quo
902 4083 1017 4169 fit,
1064 4093 1141 4152 ut
1164 4081 1375 4152 hodie
1402 4104 1679 4172 quoque
1706 4104 1956 4174 mag-na
1990 4079 2101 4149 edi
2142 4078 2478 4149 volumina

294 4175 654 4270 videamus,
704 4186 775 4253 in
816 4186 1061 4275 quibus
1104 4208 1373 4271 eorum,
1425 4208 1602 4276 quae
1641 4186 1869 4255 titulus
1899 4183 2296 4278 profitetur,
2346 4180 2475 4250 ad-

292 4281 550 4353 modum
574 4286 737 4356 nihil
751 4336 773 4374 ,
825 4288 949 4358 sed
977 4313 1154 4380 quae
1187 4312 1411 4380 neque
1437 4312 1724 4382 quaeras
1750 4311 1974 4380 neque
2005 4296 2075 4355 te
2100 4285 2387 4354 credas
2368 4307 2474 4353 ιιι-

294 4394 622 4458 veutnmm
662 4393 984 4485 reperias.
1085 4395 1250 4462 Post
1300 4393 1758 4486 Lennepium,
1822 4394 1878 4460 si
1919 4393 2103 4460 leves
2142 4385 2476 4477 quosdam

295 4499 547 4561 conatus
573 4502 643 4563 et
664 4497 1057 4567 vertentium
1080 4498 1149 4567 iu
1169 4497 1332 4567 alias
1356 4497 1620 4592 linguas
1650 4489 2315 4565 mirabilemColuthi
2344 4488 2473 4559 ad-
