<?xml version="1.0" encoding="UTF-8"?>
<!DOCTYPE html PUBLIC "-//W3C//DTD XHTML 1.0 Transitional//EN"
    "http://www.w3.org/TR/xhtml1/DTD/xhtml1-transitional.dtd">
<html xmlns="http://www.w3.org/1999/xhtml" xml:lang="en" lang="en">
 <head>
  <title>
</title>
<meta http-equiv="Content-Type" content="text/html;charset=utf-8" />
  <meta name='ocr-system' content='tesseract 3.04.00' />
  <meta name='ocr-capabilities' content='ocr_page ocr_carea ocr_par ocr_line ocrx_word'/>
</head>
<body>
  <div class='ocr_page' id='page_1' title='image "./godofrediherman03fritgoog_0307.png"; bbox 0 0 3259 5275; ppageno 0'>
   <div class='ocr_carea' id='block_1_1' title="bbox 878 459 2460 548">
    <p class='ocr_par' dir='ltr' id='par_1_1' title="bbox 878 459 2460 548">
     <span class='ocr_line' id='line_1_1' title="bbox 878 459 2460 548; baseline 0.007 -11"><span class='ocrx_word' id='word_1_1' title='bbox 878 478 1833 542; x_wconf 76' lang='lat' dir='ltr'><strong>DlssER&#39;rA&#39;slo.</strong></span> <span class='ocrx_word' id='word_1_2' title='bbox 2052 459 2178 506; x_wconf 76' lang='grc'><strong>’·</strong></span> <span class='ocrx_word' id='word_1_3' title='bbox 2333 485 2460 548; x_wconf 74' lang='lat'><strong>291</strong></span> 
     </span>
    </p>
   </div>
   <div class='ocr_carea' id='block_1_2' title="bbox 191 654 2468 4585">
    <p class='ocr_par' dir='ltr' id='par_1_2' title="bbox 191 654 2468 4585">
     <span class='ocr_line' id='line_1_2' title="bbox 273 654 2462 763; baseline 0.002 -25"><span class='ocrx_word' id='word_1_4' title='bbox 273 671 362 739; x_wconf 88' lang='lat' dir='ltr'><strong>liis</strong></span> <span class='ocrx_word' id='word_1_5' title='bbox 409 665 708 760; x_wconf 71' lang='lat' dir='ltr'><strong>cap.‚25.</strong></span> <span class='ocrx_word' id='word_1_6' title='bbox 813 654 1171 762; x_wconf 73' lang='lat' dir='ltr'><strong>Apparere</strong></span> <span class='ocrx_word' id='word_1_7' title='bbox 1215 693 1296 739; x_wconf 83' lang='lat' dir='ltr'><strong>ex</strong></span> <span class='ocrx_word' id='word_1_8' title='bbox 1338 669 1444 739; x_wconf 87' lang='lat' dir='ltr'><strong>his</strong></span> <span class='ocrx_word' id='word_1_9' title='bbox 1474 681 1644 763; x_wconf 87' lang='lat' dir='ltr'><strong>puto</strong></span> <span class='ocrx_word' id='word_1_10' title='bbox 1665 722 1684 755; x_wconf 91' lang='lat'><strong>‚</strong></span> <span class='ocrx_word' id='word_1_11' title='bbox 1740 673 1856 761; x_wconf 90' lang='lat' dir='ltr'><strong>qui</strong></span> <span class='ocrx_word' id='word_1_12' title='bbox 1908 672 2161 741; x_wconf 82' lang='lat' dir='ltr'><strong>factum</strong></span> <span class='ocrx_word' id='word_1_13' title='bbox 2203 675 2325 756; x_wconf 89' lang='lat' dir='ltr'><strong>sit,</strong></span> <span class='ocrx_word' id='word_1_14' title='bbox 2388 685 2462 743; x_wconf 86' lang='lat' dir='ltr'><strong>ut</strong></span> 
     </span>
     <span class='ocr_line' id='line_1_3' title="bbox 270 766 2460 871; baseline 0 -25"><span class='ocrx_word' id='word_1_15' title='bbox 270 773 543 867; x_wconf 74' lang='grc' dir='ltr'><strong><em>πρυλέες</em></strong></span> <span class='ocrx_word' id='word_1_16' title='bbox 605 771 746 840; x_wconf 82' lang='lat' dir='ltr'><strong>aliis</strong></span> <span class='ocrx_word' id='word_1_17' title='bbox 793 773 1028 858; x_wconf 84' lang='grc' dir='ltr'><strong><em>πεζοί,</em></strong></span> <span class='ocrx_word' id='word_1_18' title='bbox 1095 773 1236 841; x_wconf 87' lang='lat' dir='ltr'><strong>aliis</strong></span> <span class='ocrx_word' id='word_1_19' title='bbox 1286 772 1618 864; x_wconf 79' lang='grc' dir='ltr'><strong><em>ὁπλῖται,</em></strong></span> <span class='ocrx_word' id='word_1_20' title='bbox 1684 775 1825 843; x_wconf 84' lang='lat' dir='ltr'><strong>aliis</strong></span> <span class='ocrx_word' id='word_1_21' title='bbox 1885 766 2260 871; x_wconf 76' lang='grc' dir='ltr'><strong><em>πρόμαχοι</em></strong></span> <span class='ocrx_word' id='word_1_22' title='bbox 2314 799 2460 846; x_wconf 87' lang='lat' dir='ltr'><strong>esse</strong></span> 
     </span>
     <span class='ocr_line' id='line_1_4' title="bbox 270 874 2461 949; baseline 0.002 -5"><span class='ocrx_word' id='word_1_23' title='bbox 270 874 654 949; x_wconf 79' lang='lat' dir='ltr'><strong>viderentur.</strong></span> <span class='ocrx_word' id='word_1_24' title='bbox 760 876 937 943; x_wconf 88' lang='lat' dir='ltr'><strong>Nam</strong></span> <span class='ocrx_word' id='word_1_25' title='bbox 978 888 1127 946; x_wconf 87' lang='lat' dir='ltr'><strong>sunt</strong></span> <span class='ocrx_word' id='word_1_26' title='bbox 1153 877 1330 945; x_wconf 88' lang='lat' dir='ltr'><strong>haec</strong></span> <span class='ocrx_word' id='word_1_27' title='bbox 1355 877 1584 945; x_wconf 86' lang='lat' dir='ltr'><strong>omnia</strong></span> <span class='ocrx_word' id='word_1_28' title='bbox 1626 879 1692 945; x_wconf 90' lang='lat' dir='ltr'><strong>in</strong></span> <span class='ocrx_word' id='word_1_29' title='bbox 1734 879 1851 946; x_wconf 88' lang='lat' dir='ltr'><strong>illo</strong></span> <span class='ocrx_word' id='word_1_30' title='bbox 1878 879 2151 947; x_wconf 90' lang='lat' dir='ltr'><strong>nomine</strong></span> <span class='ocrx_word' id='word_1_31' title='bbox 2177 882 2461 948; x_wconf 88' lang='lat' dir='ltr'><strong>coniun-</strong></span> 
     </span>
     <span class='ocr_line' id='line_1_5' title="bbox 269 978 2466 1074; baseline 0.003 -28"><span class='ocrx_word' id='word_1_32' title='bbox 269 988 399 1060; x_wconf 80' lang='lat' dir='ltr'><strong>cta,</strong></span> <span class='ocrx_word' id='word_1_33' title='bbox 448 980 604 1067; x_wconf 90' lang='lat' dir='ltr'><strong>quia</strong></span> <span class='ocrx_word' id='word_1_34' title='bbox 651 978 1022 1049; x_wconf 77' lang='lat' dir='ltr'><strong>adhaerent</strong></span> <span class='ocrx_word' id='word_1_35' title='bbox 1065 981 1298 1049; x_wconf 85' lang='lat' dir='ltr'><strong>officio</strong></span> <span class='ocrx_word' id='word_1_36' title='bbox 1341 982 1710 1074; x_wconf 80' lang='lat' dir='ltr'><strong>praesulis,</strong></span> <span class='ocrx_word' id='word_1_37' title='bbox 1765 982 1887 1050; x_wconf 88' lang='lat' dir='ltr'><strong>etsi</strong></span> <span class='ocrx_word' id='word_1_38' title='bbox 1931 982 2192 1051; x_wconf 89' lang='lat' dir='ltr'><strong>nullum</strong></span> <span class='ocrx_word' id='word_1_39' title='bbox 2226 1006 2466 1053; x_wconf 87' lang='lat' dir='ltr'><strong>eorum</strong></span> 
     </span>
     <span class='ocr_line' id='line_1_6' title="bbox 265 1083 2461 1177; baseline 0.003 -28"><span class='ocrx_word' id='word_1_40' title='bbox 265 1083 641 1175; x_wconf 86' lang='lat' dir='ltr'><strong>primarium</strong></span> <span class='ocrx_word' id='word_1_41' title='bbox 674 1091 799 1172; x_wconf 82' lang='lat' dir='ltr'><strong>est.</strong></span> <span class='ocrx_word' id='word_1_42' title='bbox 904 1084 1049 1152; x_wconf 90' lang='lat' dir='ltr'><strong>Iam</strong></span> <span class='ocrx_word' id='word_1_43' title='bbox 1083 1086 1288 1177; x_wconf 86' lang='lat' dir='ltr'><strong>igitur</strong></span> <span class='ocrx_word' id='word_1_44' title='bbox 1314 1107 1452 1168; x_wconf 91' lang='lat' dir='ltr'><strong>non</strong></span> <span class='ocrx_word' id='word_1_45' title='bbox 1489 1086 1820 1162; x_wconf 79' lang='lat' dir='ltr'><strong>exercitus</strong></span> <span class='ocrx_word' id='word_1_46' title='bbox 1853 1097 2121 1154; x_wconf 86' lang='lat' dir='ltr'><strong>centum</strong></span> <span class='ocrx_word' id='word_1_47' title='bbox 2170 1088 2461 1173; x_wconf 79' lang='lat' dir='ltr'><strong>urbium,</strong></span> 
     </span>
     <span class='ocr_line' id='line_1_7' title="bbox 266 1185 2463 1283; baseline 0.002 -29"><span class='ocrx_word' id='word_1_48' title='bbox 266 1185 377 1255; x_wconf 89' lang='lat' dir='ltr'><strong>sed</strong></span> <span class='ocrx_word' id='word_1_49' title='bbox 419 1188 874 1278; x_wconf 88' lang='lat' dir='ltr'><strong>praesultores</strong></span> <span class='ocrx_word' id='word_1_50' title='bbox 917 1187 1049 1255; x_wconf 86' lang='lat' dir='ltr'><strong>dici</strong></span> <span class='ocrx_word' id='word_1_51' title='bbox 1090 1187 1515 1256; x_wconf 81' lang='lat' dir='ltr'><strong>videbuntur.</strong></span> <span class='ocrx_word' id='word_1_52' title='bbox 1618 1187 1988 1258; x_wconf 87' lang='lat' dir='ltr'><strong>Fuerintne</strong></span> <span class='ocrx_word' id='word_1_53' title='bbox 2030 1191 2231 1259; x_wconf 82' lang='lat' dir='ltr'><strong>etiam</strong></span> <span class='ocrx_word' id='word_1_54' title='bbox 2276 1190 2463 1283; x_wconf 89' lang='lat' dir='ltr'><strong>apud</strong></span> 
     </span>
     <span class='ocr_line' id='line_1_8' title="bbox 265 1291 2461 1381; baseline 0.003 -25"><span class='ocrx_word' id='word_1_55' title='bbox 265 1298 509 1359; x_wconf 80' lang='lat' dir='ltr'><strong>veteres</strong></span> <span class='ocrx_word' id='word_1_56' title='bbox 526 1337 547 1375; x_wconf 88' lang='lat'>,</span> <span class='ocrx_word' id='word_1_57' title='bbox 602 1292 719 1381; x_wconf 85' lang='lat' dir='ltr'><strong>qui</strong></span> <span class='ocrx_word' id='word_1_58' title='bbox 754 1292 847 1358; x_wconf 89' lang='lat' dir='ltr'><strong>ita</strong></span> <span class='ocrx_word' id='word_1_59' title='bbox 884 1291 1333 1362; x_wconf 78' lang='lat' dir='ltr'><strong>existimarent</strong></span> <span class='ocrx_word' id='word_1_60' title='bbox 1348 1343 1368 1379; x_wconf 87' lang='lat'>‚</span> <span class='ocrx_word' id='word_1_61' title='bbox 1422 1314 1559 1359; x_wconf 92' lang='lat' dir='ltr'><strong>non</strong></span> <span class='ocrx_word' id='word_1_62' title='bbox 1603 1293 1758 1360; x_wconf 87' lang='lat' dir='ltr'><strong>satis</strong></span> <span class='ocrx_word' id='word_1_63' title='bbox 1796 1292 2007 1381; x_wconf 89' lang='lat' dir='ltr'><strong>liquet</strong></span> <span class='ocrx_word' id='word_1_64' title='bbox 2046 1316 2130 1363; x_wconf 81' lang='lat' dir='ltr'><strong>ex</strong></span> <span class='ocrx_word' id='word_1_65' title='bbox 2167 1292 2271 1362; x_wconf 87' lang='lat' dir='ltr'><strong>his</strong></span> <span class='ocrx_word' id='word_1_66' title='bbox 2312 1296 2461 1363; x_wconf 90' lang='lat' dir='ltr'><strong>Eu-</strong></span> 
     </span>
     <span class='ocr_line' id='line_1_9' title="bbox 263 1389 2463 1491; baseline 0.005 -31"><span class='ocrx_word' id='word_1_67' title='bbox 263 1392 468 1461; x_wconf 82' lang='lat' dir='ltr'><strong>stathii</strong></span> <span class='ocrx_word' id='word_1_68' title='bbox 505 1416 578 1485; x_wconf 91' lang='lat' dir='ltr'><strong>p.</strong></span> <span class='ocrx_word' id='word_1_69' title='bbox 626 1392 804 1484; x_wconf 76' lang='grc'>600,</span> <span class='ocrx_word' id='word_1_70' title='bbox 835 1390 957 1463; x_wconf 81' lang='lat'><strong>45.</strong></span> <span class='ocrx_word' id='word_1_71' title='bbox 1015 1395 1204 1475; x_wconf 74' lang='grc' dir='ltr'><strong><em>τινὲς</em></strong></span> <span class='ocrx_word' id='word_1_72' title='bbox 1243 1395 1321 1469; x_wconf 74' lang='grc' dir='ltr'><strong>δὲ</strong></span> <span class='ocrx_word' id='word_1_73' title='bbox 1350 1389 1445 1468; x_wconf 74' lang='grc' dir='ltr'><strong>τό</strong></span> <span class='ocrx_word' id='word_1_74' title='bbox 1479 1389 1742 1468; x_wconf 75' lang='grc' dir='ltr'><strong><em>ἑκατόν</em></strong></span> <span class='ocrx_word' id='word_1_75' title='bbox 1772 1397 2048 1470; x_wconf 72' lang='grc' dir='ltr'><strong><em>πολέων</em></strong></span> <span class='ocrx_word' id='word_1_76' title='bbox 2078 1392 2463 1491; x_wconf 79' lang='grc' dir='ltr'><strong><em>πρυλεέσσ”</em></strong></span> 
     </span>
     <span class='ocr_line' id='line_1_10' title="bbox 264 1491 2461 1595; baseline 0.002 -28"><span class='ocrx_word' id='word_1_77' title='bbox 264 1491 615 1591; x_wconf 81' lang='grc' dir='ltr'><strong><em>α’ραρυῖαν</em></strong></span> <span class='ocrx_word' id='word_1_78' title='bbox 638 1494 866 1578; x_wconf 80' lang='grc' dir='ltr'><strong><em>οὕτως</em></strong></span> <span class='ocrx_word' id='word_1_79' title='bbox 894 1500 1223 1594; x_wconf 82' lang='grc' dir='ltr'><strong><em>ἔφρασαν</em></strong></span> <span class='ocrx_word' id='word_1_80' title='bbox 1241 1520 1258 1537; x_wconf 90' lang='grc'><em>·</em></span> <span class='ocrx_word' id='word_1_81' title='bbox 1311 1491 1574 1571; x_wconf 71' lang='grc' dir='ltr'><strong><em>ἑκατόν</em></strong></span> <span class='ocrx_word' id='word_1_82' title='bbox 1601 1500 1879 1572; x_wconf 78' lang='grc' dir='ltr'><strong><em>πολέων</em></strong></span> <span class='ocrx_word' id='word_1_83' title='bbox 1910 1495 2229 1595; x_wconf 79' lang='grc' dir='ltr'><strong><em>α’ριστεῑς</em></strong></span> <span class='ocrx_word' id='word_1_84' title='bbox 2255 1501 2461 1591; x_wconf 81' lang='grc' dir='ltr'><strong><em>ἔχου-</em></strong></span> 
     </span>
     <span class='ocr_line' id='line_1_11' title="bbox 265 1595 2461 1722; baseline 0.003 -52"><span class='ocrx_word' id='word_1_85' title='bbox 265 1622 420 1670; x_wconf 76' lang='grc' dir='ltr'><strong><em>σαν·</em></strong></span> <span class='ocrx_word' id='word_1_86' title='bbox 472 1599 520 1722; x_wconf 59' lang='grc' dir='ltr'><em>ᾗ</em></span> <span class='ocrx_word' id='word_1_87' title='bbox 548 1603 1091 1699; x_wconf 70' lang='grc' dir='ltr'><strong>κεκοσμημένην</strong></span> <span class='ocrx_word' id='word_1_88' title='bbox 1121 1607 1276 1682; x_wconf 82' lang='grc' dir='ltr'><strong><em>τοῖς</em></strong></span> <span class='ocrx_word' id='word_1_89' title='bbox 1304 1600 1430 1690; x_wconf 81' lang='grc' dir='ltr'><strong>τῆς</strong></span> <span class='ocrx_word' id='word_1_90' title='bbox 1458 1595 1755 1697; x_wconf 79' lang='grc' dir='ltr'><strong><em>Κρήτης</em></strong></span> <span class='ocrx_word' id='word_1_91' title='bbox 1787 1598 2139 1692; x_wconf 79' lang='grc' dir='ltr'><strong><em>ὁπλίταις,</em></strong></span> <span class='ocrx_word' id='word_1_92' title='bbox 2191 1605 2461 1677; x_wconf 75' lang='grc' dir='ltr'><strong><em>τουτέ-</em></strong></span> 
     </span>
     <span class='ocr_line' id='line_1_12' title="bbox 263 1698 2459 1801; baseline 0.003 -29"><span class='ocrx_word' id='word_1_93' title='bbox 263 1726 373 1773; x_wconf 78' lang='grc' dir='ltr'><strong>στι</strong></span> <span class='ocrx_word' id='word_1_94' title='bbox 409 1730 508 1774; x_wconf 87' lang='grc' dir='ltr'><strong>τα</strong></span> <span class='ocrx_word' id='word_1_95' title='bbox 551 1703 704 1777; x_wconf 73' lang='grc' dir='ltr'><strong>τοῖν</strong></span> <span class='ocrx_word' id='word_1_96' title='bbox 751 1698 1257 1801; x_wconf 72' lang='grc' dir='ltr'><strong><em>Κορυβάντων</em></strong></span> <span class='ocrx_word' id='word_1_97' title='bbox 1307 1705 1483 1801; x_wconf 75' lang='grc' dir='ltr'><strong><em>ἔργα</em></strong></span> <span class='ocrx_word' id='word_1_98' title='bbox 1528 1705 1840 1794; x_wconf 80' lang='grc' dir='ltr'><strong><em>ἔχουσαν</em></strong></span> <span class='ocrx_word' id='word_1_99' title='bbox 1884 1707 2459 1797; x_wconf 73' lang='grc' dir='ltr'><strong><em>ἐντετυπωμένα.</em></strong></span> 
     </span>
     <span class='ocr_line' id='line_1_13' title="bbox 263 1799 2459 1906; baseline 0 -30"><span class='ocrx_word' id='word_1_100' title='bbox 263 1799 372 1876; x_wconf 79' lang='grc' dir='ltr'><strong>ὅτι</strong></span> <span class='ocrx_word' id='word_1_101' title='bbox 398 1805 474 1879; x_wconf 69' lang='grc' dir='ltr'><strong>δὲ</strong></span> <span class='ocrx_word' id='word_1_102' title='bbox 509 1800 1067 1901; x_wconf 73' lang='grc' dir='ltr'><strong><em>ἑκατόμπολιςὴ</em></strong></span> <span class='ocrx_word' id='word_1_103' title='bbox 1098 1804 1360 1905; x_wconf 78' lang='grc' dir='ltr'><strong><em>Κρήτη</em></strong></span> <span class='ocrx_word' id='word_1_104' title='bbox 1402 1807 1523 1879; x_wconf 73' lang='grc' dir='ltr'><strong>καὶ</strong></span> <span class='ocrx_word' id='word_1_105' title='bbox 1560 1812 1639 1879; x_wconf 77' lang='grc' dir='ltr'><strong>ἐν</strong></span> <span class='ocrx_word' id='word_1_106' title='bbox 1666 1802 2052 1903; x_wconf 76' lang='grc' dir='ltr'><strong><em>Ὀδυσσείᾳ</em></strong></span> <span class='ocrx_word' id='word_1_107' title='bbox 2092 1807 2459 1906; x_wconf 78' lang='grc' dir='ltr'><strong><em>δηλοῦται.</em></strong></span> 
     </span>
     <span class='ocr_line' id='line_1_14' title="bbox 261 1902 2464 2005; baseline 0 -25"><span class='ocrx_word' id='word_1_108' title='bbox 261 1902 432 1986; x_wconf 59' lang='lat' dir='ltr'><strong>uictis*</strong></span> <span class='ocrx_word' id='word_1_109' title='bbox 458 1908 577 1980; x_wconf 75' lang='grc' dir='ltr'><strong>καὶ</strong></span> <span class='ocrx_word' id='word_1_110' title='bbox 603 1910 895 2004; x_wconf 82' lang='grc' dir='ltr'><strong><em>Κρῆτες</em></strong></span> <span class='ocrx_word' id='word_1_111' title='bbox 926 1914 1000 1981; x_wconf 85' lang='grc' dir='ltr'><strong>οἱ</strong></span> <span class='ocrx_word' id='word_1_112' title='bbox 1021 1904 1520 2003; x_wconf 76' lang='grc' dir='ltr'><strong><em>Κορύβαντες,</em></strong></span> <span class='ocrx_word' id='word_1_113' title='bbox 1561 1909 1782 2005; x_wconf 81' lang='grc' dir='ltr'><strong><em>δῆλον</em></strong></span> <span class='ocrx_word' id='word_1_114' title='bbox 1809 1908 1930 1981; x_wconf 71' lang='grc' dir='ltr'><strong>καὶ</strong></span> <span class='ocrx_word' id='word_1_115' title='bbox 1959 1904 2167 1984; x_wconf 78' lang='grc' dir='ltr'><strong><em>αὐτό.</em></strong></span> <span class='ocrx_word' id='word_1_116' title='bbox 2224 1910 2464 2003; x_wconf 82' lang='lat' dir='ltr'><strong>Odys--</strong></span> 
     </span>
     <span class='ocr_line' id='line_1_15' title="bbox 262 2011 2462 2105; baseline 0.003 -28"><span class='ocrx_word' id='word_1_117' title='bbox 262 2031 403 2078; x_wconf 83' lang='lat' dir='ltr'><strong>seue</strong></span> <span class='ocrx_word' id='word_1_118' title='bbox 443 2011 611 2080; x_wconf 88' lang='lat' dir='ltr'><strong>dicit</strong></span> <span class='ocrx_word' id='word_1_119' title='bbox 651 2013 836 2084; x_wconf 85' lang='lat' dir='ltr'><strong>XIX.</strong></span> <span class='ocrx_word' id='word_1_120' title='bbox 881 2012 1050 2081; x_wconf 73' lang='lat'>174.</span> <span class='ocrx_word' id='word_1_121' title='bbox 1094 2013 1214 2081; x_wconf 92' lang='lat' dir='ltr'><strong>ubi</strong></span> <span class='ocrx_word' id='word_1_122' title='bbox 1254 2014 1619 2105; x_wconf 83' lang='lat' dir='ltr'><strong>nonaginta</strong></span> <span class='ocrx_word' id='word_1_123' title='bbox 1667 2011 1912 2081; x_wconf 84' lang='lat' dir='ltr'><strong>Cretae</strong></span> <span class='ocrx_word' id='word_1_124' title='bbox 1953 2014 2155 2083; x_wconf 88' lang='lat' dir='ltr'><strong>urbes</strong></span> <span class='ocrx_word' id='word_1_125' title='bbox 2196 2037 2462 2085; x_wconf 87' lang='lat' dir='ltr'><strong>memo-</strong></span> 
     </span>
     <span class='ocr_line' id='line_1_16' title="bbox 260 2109 2463 2208; baseline 0.003 -28"><span class='ocrx_word' id='word_1_126' title='bbox 260 2123 510 2184; x_wconf 79' lang='lat' dir='ltr'><strong>rantur:</strong></span> <span class='ocrx_word' id='word_1_127' title='bbox 564 2115 694 2185; x_wconf 87' lang='lat' dir='ltr'><strong>sed</strong></span> <span class='ocrx_word' id='word_1_128' title='bbox 732 2109 1214 2208; x_wconf 73' lang='grc' dir='ltr'><strong><em>ἑκατόμπολις</em></strong></span> <span class='ocrx_word' id='word_1_129' title='bbox 1252 2115 1431 2183; x_wconf 88' lang='lat' dir='ltr'><strong>dicta</strong></span> <span class='ocrx_word' id='word_1_130' title='bbox 1475 2115 1668 2187; x_wconf 86' lang='lat' dir='ltr'><strong>Iliad.</strong></span> <span class='ocrx_word' id='word_1_131' title='bbox 1705 2116 1791 2185; x_wconf 91' lang='lat'><strong>11.</strong></span> <span class='ocrx_word' id='word_1_132' title='bbox 1822 2114 1996 2188; x_wconf 78' lang='lat'><strong>649.</strong></span> <span class='ocrx_word' id='word_1_133' title='bbox 2098 2116 2192 2186; x_wconf 88' lang='lat' dir='ltr'><strong>Et</strong></span> <span class='ocrx_word' id='word_1_134' title='bbox 2238 2118 2463 2187; x_wconf 83' lang='lat' dir='ltr'><strong>Creti-</strong></span> 
     </span>
     <span class='ocr_line' id='line_1_17' title="bbox 260 2218 2461 2294; baseline 0.001 -8"><span class='ocrx_word' id='word_1_135' title='bbox 260 2237 362 2285; x_wconf 83' lang='lat' dir='ltr'><strong>cas</strong></span> <span class='ocrx_word' id='word_1_136' title='bbox 388 2219 773 2288; x_wconf 76' lang='lat' dir='ltr'><strong>saltationes</strong></span> <span class='ocrx_word' id='word_1_137' title='bbox 799 2220 1193 2288; x_wconf 86' lang='lat' dir='ltr'><strong>bene-notas</strong></span> <span class='ocrx_word' id='word_1_138' title='bbox 1222 2220 1426 2288; x_wconf 84' lang='lat' dir='ltr'><strong>fuisse</strong></span> <span class='ocrx_word' id='word_1_139' title='bbox 1458 2219 1768 2288; x_wconf 82' lang='lat' dir='ltr'><strong>Homero</strong></span> <span class='ocrx_word' id='word_1_140' title='bbox 1797 2218 2046 2288; x_wconf 89' lang='lat' dir='ltr'><strong>docent</strong></span> <span class='ocrx_word' id='word_1_141' title='bbox 2066 2220 2257 2294; x_wconf 90' lang='lat' dir='ltr'><strong>lliad.</strong></span> <span class='ocrx_word' id='word_1_142' title='bbox 2280 2221 2461 2291; x_wconf 87' lang='lat' dir='ltr'><strong>XVI.</strong></span> 
     </span>
     <span class='ocr_line' id='line_1_18' title="bbox 258 2317 2465 2415; baseline 0.003 -29"><span class='ocrx_word' id='word_1_143' title='bbox 258 2317 421 2395; x_wconf 70' lang='lat'><strong>617.</strong></span> <span class='ocrx_word' id='word_1_144' title='bbox 474 2323 730 2396; x_wconf 86' lang='lat' dir='ltr'><strong>xvul.</strong></span> <span class='ocrx_word' id='word_1_145' title='bbox 765 2319 938 2392; x_wconf 75' lang='lat'><strong>591).</strong></span> <span class='ocrx_word' id='word_1_146' title='bbox 968 2346 1159 2413; x_wconf 89' lang='lat' dir='ltr'><strong>seqq.</strong></span> <span class='ocrx_word' id='word_1_147' title='bbox 1268 2320 1565 2391; x_wconf 89' lang='lat' dir='ltr'><strong>Omnino</strong></span> <span class='ocrx_word' id='word_1_148' title='bbox 1596 2332 1824 2391; x_wconf 84' lang='lat' dir='ltr'><strong>autem</strong></span> <span class='ocrx_word' id='word_1_149' title='bbox 1854 2346 1992 2392; x_wconf 89' lang='lat' dir='ltr'><strong>non</strong></span> <span class='ocrx_word' id='word_1_150' title='bbox 2027 2346 2306 2415; x_wconf 86' lang='lat' dir='ltr'><strong>prorsus</strong></span> <span class='ocrx_word' id='word_1_151' title='bbox 2335 2325 2465 2393; x_wconf 92' lang='lat' dir='ltr'><strong>ab-</strong></span> 
     </span>
     <span class='ocr_line' id='line_1_19' title="bbox 260 2424 2465 2515; baseline 0.003 -25"><span class='ocrx_word' id='word_1_152' title='bbox 260 2424 448 2493; x_wconf 84' lang='lat' dir='ltr'><strong>surda</strong></span> <span class='ocrx_word' id='word_1_153' title='bbox 475 2435 580 2495; x_wconf 86' lang='lat' dir='ltr'><strong>est</strong></span> <span class='ocrx_word' id='word_1_154' title='bbox 619 2426 887 2495; x_wconf 89' lang='lat' dir='ltr'><strong>illorum</strong></span> <span class='ocrx_word' id='word_1_155' title='bbox 918 2427 1336 2510; x_wconf 80' lang='lat' dir='ltr'><strong>coniectura,</strong></span> <span class='ocrx_word' id='word_1_156' title='bbox 1391 2427 1506 2515; x_wconf 91' lang='lat' dir='ltr'><strong>qui</strong></span> <span class='ocrx_word' id='word_1_157' title='bbox 1544 2425 1792 2501; x_wconf 82' lang='lat' dir='ltr'><strong>Cretae</strong></span> <span class='ocrx_word' id='word_1_158' title='bbox 1830 2437 2102 2495; x_wconf 86' lang='lat' dir='ltr'><strong>centum</strong></span> <span class='ocrx_word' id='word_1_159' title='bbox 2132 2429 2334 2497; x_wconf 88' lang='lat' dir='ltr'><strong>urbes</strong></span> <span class='ocrx_word' id='word_1_160' title='bbox 2359 2451 2465 2497; x_wconf 89' lang='lat' dir='ltr'><strong>re·</strong></span> 
     </span>
     <span class='ocr_line' id='line_1_20' title="bbox 258 2528 2468 2620; baseline 0.003 -27"><span class='ocrx_word' id='word_1_161' title='bbox 258 2528 412 2617; x_wconf 84' lang='lat' dir='ltr'><strong>spici</strong></span> <span class='ocrx_word' id='word_1_162' title='bbox 452 2539 896 2618; x_wconf 85' lang='lat' dir='ltr'><strong>censuerunt,</strong></span> <span class='ocrx_word' id='word_1_163' title='bbox 948 2552 1085 2599; x_wconf 89' lang='lat' dir='ltr'><strong>non</strong></span> <span class='ocrx_word' id='word_1_164' title='bbox 1114 2529 1303 2620; x_wconf 90' lang='lat' dir='ltr'><strong>quod</strong></span> <span class='ocrx_word' id='word_1_165' title='bbox 1336 2530 1678 2598; x_wconf 85' lang='lat' dir='ltr'><strong>Homerus</strong></span> <span class='ocrx_word' id='word_1_166' title='bbox 1702 2528 1826 2598; x_wconf 88' lang='lat' dir='ltr'><strong>has</strong></span> <span class='ocrx_word' id='word_1_167' title='bbox 1854 2531 1922 2599; x_wconf 90' lang='lat' dir='ltr'><strong>in</strong></span> <span class='ocrx_word' id='word_1_168' title='bbox 1949 2543 2174 2601; x_wconf 86' lang='lat' dir='ltr'><strong>mente</strong></span> <span class='ocrx_word' id='word_1_169' title='bbox 2202 2532 2468 2600; x_wconf 90' lang='lat' dir='ltr'><strong>habue-</strong></span> 
     </span>
     <span class='ocr_line' id='line_1_21' title="bbox 256 2629 2468 2728; baseline 0.003 -30"><span class='ocrx_word' id='word_1_170' title='bbox 256 2629 365 2719; x_wconf 78' lang='lat' dir='ltr'><strong>rit,</strong></span> <span class='ocrx_word' id='word_1_171' title='bbox 414 2633 538 2703; x_wconf 88' lang='lat' dir='ltr'><strong>sed</strong></span> <span class='ocrx_word' id='word_1_172' title='bbox 562 2633 758 2724; x_wconf 88' lang='lat' dir='ltr'><strong>quod</strong></span> <span class='ocrx_word' id='word_1_173' title='bbox 784 2634 1020 2725; x_wconf 82' lang='lat' dir='ltr'><strong>aliquis</strong></span> <span class='ocrx_word' id='word_1_174' title='bbox 1051 2644 1206 2703; x_wconf 85' lang='lat' dir='ltr'><strong>ante</strong></span> <span class='ocrx_word' id='word_1_175' title='bbox 1239 2657 1395 2702; x_wconf 89' lang='lat' dir='ltr'><strong>eum</strong></span> <span class='ocrx_word' id='word_1_176' title='bbox 1427 2644 1660 2726; x_wconf 82' lang='lat' dir='ltr'><strong>poeta.</strong></span> <span class='ocrx_word' id='word_1_177' title='bbox 1740 2635 1918 2702; x_wconf 87' lang='lat' dir='ltr'><strong>Nam</strong></span> <span class='ocrx_word' id='word_1_178' title='bbox 1944 2637 2285 2728; x_wconf 89' lang='lat' dir='ltr'><strong>permulta</strong></span> <span class='ocrx_word' id='word_1_179' title='bbox 2312 2634 2468 2704; x_wconf 89' lang='lat' dir='ltr'><strong>Ho-</strong></span> 
     </span>
     <span class='ocr_line' id='line_1_22' title="bbox 254 2738 2468 2832; baseline 0.003 -30"><span class='ocrx_word' id='word_1_180' title='bbox 254 2756 467 2806; x_wconf 80' lang='lat' dir='ltr'><strong>merus</strong></span> <span class='ocrx_word' id='word_1_181' title='bbox 515 2749 757 2832; x_wconf 85' lang='lat' dir='ltr'><strong>aperte</strong></span> <span class='ocrx_word' id='word_1_182' title='bbox 801 2739 892 2807; x_wconf 82' lang='lat' dir='ltr'><strong>ab</strong></span> <span class='ocrx_word' id='word_1_183' title='bbox 937 2738 1413 2828; x_wconf 80' lang='lat' dir='ltr'><strong>antiquioribus</strong></span> <span class='ocrx_word' id='word_1_184' title='bbox 1457 2739 1676 2831; x_wconf 90' lang='lat' dir='ltr'><strong>poetis</strong></span> <span class='ocrx_word' id='word_1_185' title='bbox 1719 2740 1984 2831; x_wconf 87' lang='lat' dir='ltr'><strong>accepit</strong></span> <span class='ocrx_word' id='word_1_186' title='bbox 1999 2791 2020 2829; x_wconf 90' lang='lat'>,</span> <span class='ocrx_word' id='word_1_187' title='bbox 2092 2764 2267 2830; x_wconf 91' lang='lat' dir='ltr'><strong>quae</strong></span> <span class='ocrx_word' id='word_1_188' title='bbox 2321 2739 2468 2809; x_wconf 85' lang='lat' dir='ltr'><strong>fere</strong></span> 
     </span>
     <span class='ocr_line' id='line_1_23' title="bbox 255 2841 2468 2935; baseline 0.002 -30"><span class='ocrx_word' id='word_1_189' title='bbox 255 2860 333 2905; x_wconf 90' lang='lat' dir='ltr'><strong>eo</strong></span> <span class='ocrx_word' id='word_1_190' title='bbox 373 2850 918 2935; x_wconf 85' lang='lat' dir='ltr'><strong>cognoscuntur,</strong></span> <span class='ocrx_word' id='word_1_191' title='bbox 973 2841 1163 2932; x_wconf 90' lang='lat' dir='ltr'><strong>quod</strong></span> <span class='ocrx_word' id='word_1_192' title='bbox 1213 2842 1583 2934; x_wconf 86' lang='lat' dir='ltr'><strong>explicatus</strong></span> <span class='ocrx_word' id='word_1_193' title='bbox 1625 2842 1843 2935; x_wconf 88' lang='lat' dir='ltr'><strong>magis</strong></span> <span class='ocrx_word' id='word_1_194' title='bbox 1884 2844 2271 2912; x_wconf 86' lang='lat' dir='ltr'><strong>reconditos</strong></span> <span class='ocrx_word' id='word_1_195' title='bbox 2309 2853 2377 2911; x_wconf 91' lang='lat' dir='ltr'><strong>et</strong></span> <span class='ocrx_word' id='word_1_196' title='bbox 2424 2866 2468 2910; x_wconf 92' lang='lat' dir='ltr'><strong>a</strong></span> 
     </span>
     <span class='ocr_line' id='line_1_24' title="bbox 255 2942 2466 3036; baseline 0.001 -26"><span class='ocrx_word' id='word_1_197' title='bbox 255 2942 671 3036; x_wconf 81' lang='lat' dir='ltr'><strong>simplicitate</strong></span> <span class='ocrx_word' id='word_1_198' title='bbox 702 2946 1069 3014; x_wconf 87' lang='lat' dir='ltr'><strong>Homerica</strong></span> <span class='ocrx_word' id='word_1_199' title='bbox 1108 2945 1362 3014; x_wconf 87' lang='lat' dir='ltr'><strong>alienos</strong></span> <span class='ocrx_word' id='word_1_200' title='bbox 1407 2944 1684 3014; x_wconf 85' lang='lat' dir='ltr'><strong>habent.</strong></span> <span class='ocrx_word' id='word_1_201' title='bbox 1789 2945 2054 3029; x_wconf 83' lang='lat' dir='ltr'><strong>Quibus</strong></span> <span class='ocrx_word' id='word_1_202' title='bbox 2102 2946 2333 3016; x_wconf 86' lang='lat' dir='ltr'><strong>nescio</strong></span> <span class='ocrx_word' id='word_1_203' title='bbox 2376 2969 2466 3013; x_wconf 90' lang='lat' dir='ltr'><strong>an</strong></span> 
     </span>
     <span class='ocr_line' id='line_1_25' title="bbox 254 3042 2465 3140; baseline 0.001 -28"><span class='ocrx_word' id='word_1_204' title='bbox 254 3042 379 3115; x_wconf 86' lang='lat' dir='ltr'><strong>hoc</strong></span> <span class='ocrx_word' id='word_1_205' title='bbox 418 3071 703 3140; x_wconf 90' lang='lat' dir='ltr'><strong>quoque</strong></span> <span class='ocrx_word' id='word_1_206' title='bbox 756 3058 825 3118; x_wconf 90' lang='lat' dir='ltr'><strong>et</strong></span> <span class='ocrx_word' id='word_1_207' title='bbox 868 3050 978 3120; x_wconf 77' lang='lat' dir='ltr'><strong>vel</strong></span> <span class='ocrx_word' id='word_1_208' title='bbox 1023 3048 1311 3118; x_wconf 84' lang='lat' dir='ltr'><strong>maxime</strong></span> <span class='ocrx_word' id='word_1_209' title='bbox 1361 3048 1445 3116; x_wconf 90' lang='lat' dir='ltr'><strong>sit</strong></span> <span class='ocrx_word' id='word_1_210' title='bbox 1496 3048 2095 3119; x_wconf 89' lang='lat' dir='ltr'><strong>adnumerandum.</strong></span> <span class='ocrx_word' id='word_1_211' title='bbox 2195 3049 2465 3117; x_wconf 82' lang='lat' dir='ltr'><strong>Licebit</strong></span> 
     </span>
     <span class='ocr_line' id='line_1_26' title="bbox 255 3151 2466 3250; baseline 0.002 -34"><span class='ocrx_word' id='word_1_212' title='bbox 255 3151 419 3218; x_wconf 89' lang='lat' dir='ltr'><strong>euim</strong></span> <span class='ocrx_word' id='word_1_213' title='bbox 450 3154 782 3246; x_wconf 86' lang='lat' dir='ltr'><strong>suspicari</strong></span> <span class='ocrx_word' id='word_1_214' title='bbox 802 3206 824 3242; x_wconf 89' lang='lat'>‚</span> <span class='ocrx_word' id='word_1_215' title='bbox 875 3153 1143 3221; x_wconf 87' lang='lat' dir='ltr'><strong>illorum</strong></span> <span class='ocrx_word' id='word_1_216' title='bbox 1181 3152 1474 3242; x_wconf 83' lang='lat' dir='ltr'><strong>aliquem</strong></span> <span class='ocrx_word' id='word_1_217' title='bbox 1505 3161 1902 3250; x_wconf 81' lang='lat' dir='ltr'><strong>poetarum,</strong></span> <span class='ocrx_word' id='word_1_218' title='bbox 1956 3174 2166 3242; x_wconf 90' lang='lat' dir='ltr'><strong>quum</strong></span> <span class='ocrx_word' id='word_1_219' title='bbox 2211 3152 2299 3221; x_wconf 91' lang='lat' dir='ltr'><strong>de</strong></span> <span class='ocrx_word' id='word_1_220' title='bbox 2350 3175 2466 3220; x_wconf 86' lang='lat' dir='ltr'><strong>re-</strong></span> 
     </span>
     <span class='ocr_line' id='line_1_27' title="bbox 253 3251 2462 3347; baseline 0.001 -28"><span class='ocrx_word' id='word_1_221' title='bbox 253 3251 369 3321; x_wconf 86' lang='lat' dir='ltr'><strong>bus</strong></span> <span class='ocrx_word' id='word_1_222' title='bbox 420 3255 710 3326; x_wconf 74' lang='lat' dir='ltr'><strong>Creticis</strong></span> <span class='ocrx_word' id='word_1_223' title='bbox 767 3265 1074 3344; x_wconf 87' lang='lat' dir='ltr'><strong>caneret,</strong></span> <span class='ocrx_word' id='word_1_224' title='bbox 1143 3254 1522 3324; x_wconf 85' lang='lat' dir='ltr'><strong>Minervam</strong></span> <span class='ocrx_word' id='word_1_225' title='bbox 1574 3254 2010 3346; x_wconf 85' lang='lat' dir='ltr'><strong>descripsisse</strong></span> <span class='ocrx_word' id='word_1_226' title='bbox 2056 3278 2139 3322; x_wconf 83' lang='lat' dir='ltr'><strong>ex</strong></span> <span class='ocrx_word' id='word_1_227' title='bbox 2165 3255 2462 3347; x_wconf 82' lang='lat' dir='ltr'><strong>singulis</strong></span> 
     </span>
     <span class='ocr_line' id='line_1_28' title="bbox 253 3357 2465 3454; baseline 0.001 -31"><span class='ocrx_word' id='word_1_228' title='bbox 253 3357 518 3429; x_wconf 86' lang='lat' dir='ltr'><strong>urbibus</strong></span> <span class='ocrx_word' id='word_1_229' title='bbox 558 3361 857 3454; x_wconf 85' lang='lat' dir='ltr'><strong>singulos</strong></span> <span class='ocrx_word' id='word_1_230' title='bbox 888 3360 1235 3452; x_wconf 87' lang='lat' dir='ltr'><strong>praesules</strong></span> <span class='ocrx_word' id='word_1_231' title='bbox 1267 3380 1421 3427; x_wconf 90' lang='lat' dir='ltr'><strong>cum</strong></span> <span class='ocrx_word' id='word_1_232' title='bbox 1448 3359 1649 3427; x_wconf 92' lang='lat' dir='ltr'><strong>armis</strong></span> <span class='ocrx_word' id='word_1_233' title='bbox 1685 3358 2133 3449; x_wconf 82' lang='lat' dir='ltr'><strong>tripudiantes</strong></span> <span class='ocrx_word' id='word_1_234' title='bbox 2159 3359 2232 3453; x_wconf 83' lang='lat' dir='ltr'><strong>in</strong></span> <span class='ocrx_word' id='word_1_235' title='bbox 2261 3358 2465 3451; x_wconf 85' lang='lat' dir='ltr'><strong>galea</strong></span> 
     </span>
     <span class='ocr_line' id='line_1_29' title="bbox 250 3461 2467 3557; baseline 0 -28"><span class='ocrx_word' id='word_1_236' title='bbox 250 3474 635 3552; x_wconf 81' lang='lat' dir='ltr'><strong>gerentem,</strong></span> <span class='ocrx_word' id='word_1_237' title='bbox 688 3486 821 3532; x_wconf 87' lang='lat' dir='ltr'><strong>non</strong></span> <span class='ocrx_word' id='word_1_238' title='bbox 860 3465 1166 3557; x_wconf 87' lang='lat' dir='ltr'><strong>ineptum</strong></span> <span class='ocrx_word' id='word_1_239' title='bbox 1195 3462 1510 3555; x_wconf 79' lang='lat' dir='ltr'><strong>profecto</strong></span> <span class='ocrx_word' id='word_1_240' title='bbox 1545 3462 1813 3553; x_wconf 85' lang='lat' dir='ltr'><strong>insigne</strong></span> <span class='ocrx_word' id='word_1_241' title='bbox 1849 3461 2021 3530; x_wconf 89' lang='lat' dir='ltr'><strong>deae</strong></span> <span class='ocrx_word' id='word_1_242' title='bbox 2040 3513 2060 3549; x_wconf 87' lang='lat'>‚</span> <span class='ocrx_word' id='word_1_243' title='bbox 2114 3485 2290 3552; x_wconf 89' lang='lat' dir='ltr'><strong>quae</strong></span> <span class='ocrx_word' id='word_1_244' title='bbox 2339 3463 2467 3529; x_wconf 87' lang='lat' dir='ltr'><strong>fuit</strong></span> 
     </span>
     <span class='ocr_line' id='line_1_30' title="bbox 250 3561 2467 3662; baseline 0.001 -31"><span class='ocrx_word' id='word_1_245' title='bbox 250 3563 358 3631; x_wconf 86' lang='lat' dir='ltr'><strong>ubi</strong></span> <span class='ocrx_word' id='word_1_246' title='bbox 404 3561 969 3662; x_wconf 85' lang='grc' dir='ltr'><strong><em>Προμαχόρμας</em></strong></span> <span class='ocrx_word' id='word_1_247' title='bbox 1020 3567 1422 3660; x_wconf 88' lang='lat' dir='ltr'><strong>cognomine</strong></span> <span class='ocrx_word' id='word_1_248' title='bbox 1481 3566 1853 3649; x_wconf 85' lang='lat' dir='ltr'><strong>coleretur,</strong></span> <span class='ocrx_word' id='word_1_249' title='bbox 1917 3576 2088 3634; x_wconf 88' lang='lat' dir='ltr'><strong>teste</strong></span> <span class='ocrx_word' id='word_1_250' title='bbox 2133 3566 2467 3634; x_wconf 89' lang='lat' dir='ltr'><strong>Pausania</strong></span> 
     </span>
     <span class='ocr_line' id='line_1_31' title="bbox 250 3664 2467 3762; baseline 0 -26"><span class='ocrx_word' id='word_1_251' title='bbox 250 3664 326 3737; x_wconf 78' lang='grc' dir='ltr'><strong>ΙΙ.</strong></span> <span class='ocrx_word' id='word_1_252' title='bbox 367 3667 493 3754; x_wconf 73' lang='lat'><strong>34,</strong></span> <span class='ocrx_word' id='word_1_253' title='bbox 546 3668 620 3739; x_wconf 81' lang='lat'><strong>8.</strong></span> <span class='ocrx_word' id='word_1_254' title='bbox 726 3672 885 3739; x_wconf 88' lang='lat' dir='ltr'><strong>Non</strong></span> <span class='ocrx_word' id='word_1_255' title='bbox 932 3670 1181 3739; x_wconf 80' lang='lat' dir='ltr'><strong>‘mfitior</strong></span> <span class='ocrx_word' id='word_1_256' title='bbox 1222 3679 1452 3738; x_wconf 88' lang='lat' dir='ltr'><strong>tamen</strong></span> <span class='ocrx_word' id='word_1_257' title='bbox 1467 3717 1489 3755; x_wconf 91' lang='lat'>‚</span> <span class='ocrx_word' id='word_1_258' title='bbox 1555 3668 1918 3761; x_wconf 87' lang='lat' dir='ltr'><strong>simplicius</strong></span> <span class='ocrx_word' id='word_1_259' title='bbox 1960 3669 2253 3759; x_wconf 77' lang='lat' dir='ltr'><strong>ideoque</strong></span> <span class='ocrx_word' id='word_1_260' title='bbox 2294 3691 2467 3762; x_wconf 91' lang='lat' dir='ltr'><strong>pro-</strong></span> 
     </span>
     <span class='ocr_line' id='line_1_32' title="bbox 249 3766 2464 3857; baseline 0.001 -19"><span class='ocrx_word' id='word_1_261' title='bbox 249 3767 531 3842; x_wconf 84' lang='lat' dir='ltr'><strong>babilius</strong></span> <span class='ocrx_word' id='word_1_262' title='bbox 572 3773 740 3843; x_wconf 86' lang='lat' dir='ltr'><strong>mihi</strong></span> <span class='ocrx_word' id='word_1_263' title='bbox 783 3773 1031 3857; x_wconf 79' lang='lat' dir='ltr'><strong>videri,</strong></span> <span class='ocrx_word' id='word_1_264' title='bbox 1085 3766 1348 3846; x_wconf 78' lang='grc' dir='ltr'><strong><em>ἑκατόν</em></strong></span> <span class='ocrx_word' id='word_1_265' title='bbox 1395 3796 1532 3841; x_wconf 90' lang='lat' dir='ltr'><strong>non</strong></span> <span class='ocrx_word' id='word_1_266' title='bbox 1577 3795 1726 3841; x_wconf 88' lang='lat' dir='ltr'><strong>esse</strong></span> <span class='ocrx_word' id='word_1_267' title='bbox 1766 3794 1921 3840; x_wconf 82' lang='lat' dir='ltr'><strong>cum</strong></span> <span class='ocrx_word' id='word_1_268' title='bbox 1968 3775 2289 3853; x_wconf 80' lang='grc' dir='ltr'><strong><em>πολέων,</em></strong></span> <span class='ocrx_word' id='word_1_269' title='bbox 2341 3772 2464 3841; x_wconf 90' lang='lat' dir='ltr'><strong>sed</strong></span> 
     </span>
     <span class='ocr_line' id='line_1_33' title="bbox 250 3875 2465 3972; baseline 0 -29"><span class='ocrx_word' id='word_1_270' title='bbox 250 3895 399 3943; x_wconf 80' lang='lat' dir='ltr'><strong>cum</strong></span> <span class='ocrx_word' id='word_1_271' title='bbox 442 3879 832 3972; x_wconf 77' lang='grc' dir='ltr'><strong><em>πρυλέεσσι</em></strong></span> <span class='ocrx_word' id='word_1_272' title='bbox 866 3876 1451 3970; x_wconf 81' lang='lat' dir='ltr'><strong>coniungendam,</strong></span> <span class='ocrx_word' id='word_1_273' title='bbox 1502 3884 1577 3944; x_wconf 86' lang='lat' dir='ltr'><strong>ut</strong></span> <span class='ocrx_word' id='word_1_274' title='bbox 1621 3875 1900 3950; x_wconf 74' lang='grc' dir='ltr'><strong><em>πολέων</em></strong></span> <span class='ocrx_word' id='word_1_275' title='bbox 1941 3876 2235 3970; x_wconf 72' lang='grc' dir='ltr'><strong><em>πρυλέες</em></strong></span> <span class='ocrx_word' id='word_1_276' title='bbox 2271 3877 2465 3965; x_wconf 87' lang='lat' dir='ltr'><strong>quasi</strong></span> 
     </span>
     <span class='ocr_line' id='line_1_34' title="bbox 246 3978 2464 4070; baseline -0 -23"><span class='ocrx_word' id='word_1_277' title='bbox 246 3998 371 4068; x_wconf 86' lang='lat' dir='ltr'><strong>pro</strong></span> <span class='ocrx_word' id='word_1_278' title='bbox 398 4001 534 4048; x_wconf 91' lang='lat' dir='ltr'><strong>una</strong></span> <span class='ocrx_word' id='word_1_279' title='bbox 567 4002 738 4049; x_wconf 82' lang='lat' dir='ltr'><strong>voce</strong></span> <span class='ocrx_word' id='word_1_280' title='bbox 767 3981 918 4068; x_wconf 85' lang='lat' dir='ltr'><strong>sint,</strong></span> <span class='ocrx_word' id='word_1_281' title='bbox 947 4002 1125 4070; x_wconf 88' lang='lat' dir='ltr'><strong>quae</strong></span> <span class='ocrx_word' id='word_1_282' title='bbox 1152 3980 1356 4051; x_wconf 86' lang='lat' dir='ltr'><strong>duces</strong></span> <span class='ocrx_word' id='word_1_283' title='bbox 1388 3980 1658 4048; x_wconf 88' lang='lat' dir='ltr'><strong>urbium</strong></span> <span class='ocrx_word' id='word_1_284' title='bbox 1689 3978 1878 4070; x_wconf 91' lang='lat' dir='ltr'><strong>apud</strong></span> <span class='ocrx_word' id='word_1_285' title='bbox 1906 3979 2249 4069; x_wconf 77' lang='lat' dir='ltr'><strong>antiquum</strong></span> <span class='ocrx_word' id='word_1_286' title='bbox 2275 3978 2464 4047; x_wconf 90' lang='lat' dir='ltr'><strong>illum</strong></span> 
     </span>
     <span class='ocr_line' id='line_1_35' title="bbox 191 4082 2464 4177; baseline 0 -27"><span class='ocrx_word' id='word_1_287' title='bbox 191 4126 197 4131; x_wconf 89' lang='lat'>-</span> <span class='ocrx_word' id='word_1_288' title='bbox 246 4094 522 4170; x_wconf 85' lang='lat' dir='ltr'><strong>poetam</strong></span> <span class='ocrx_word' id='word_1_289' title='bbox 555 4085 1056 4177; x_wconf 76' lang='lat' dir='ltr'><strong>significaverit.</strong></span> <span class='ocrx_word' id='word_1_290' title='bbox 1129 4084 1469 4152; x_wconf 85' lang='lat' dir='ltr'><strong>Vtrumvis</strong></span> <span class='ocrx_word' id='word_1_291' title='bbox 1499 4083 1746 4151; x_wconf 89' lang='lat' dir='ltr'><strong>horum</strong></span> <span class='ocrx_word' id='word_1_292' title='bbox 1778 4082 2031 4173; x_wconf 88' lang='lat' dir='ltr'><strong>probet</strong></span> <span class='ocrx_word' id='word_1_293' title='bbox 2057 4083 2225 4173; x_wconf 86' lang='lat' dir='ltr'><strong>quis,</strong></span> <span class='ocrx_word' id='word_1_294' title='bbox 2279 4092 2464 4151; x_wconf 87' lang='lat' dir='ltr'><strong>certe</strong></span> 
     </span>
     <span class='ocr_line' id='line_1_36' title="bbox 244 4184 2463 4281; baseline 0.001 -30"><span class='ocrx_word' id='word_1_295' title='bbox 244 4205 376 4253; x_wconf 91' lang='lat' dir='ltr'><strong>non</strong></span> <span class='ocrx_word' id='word_1_296' title='bbox 423 4187 717 4280; x_wconf 85' lang='lat' dir='ltr'><strong>amplius</strong></span> <span class='ocrx_word' id='word_1_297' title='bbox 766 4196 1035 4257; x_wconf 90' lang='lat' dir='ltr'><strong>centum</strong></span> <span class='ocrx_word' id='word_1_298' title='bbox 1077 4188 1231 4257; x_wconf 83' lang='lat' dir='ltr'><strong>viris</strong></span> <span class='ocrx_word' id='word_1_299' title='bbox 1278 4188 1479 4281; x_wconf 83' lang='lat' dir='ltr'><strong>galea</strong></span> <span class='ocrx_word' id='word_1_300' title='bbox 1514 4184 1834 4255; x_wconf 88' lang='lat' dir='ltr'><strong>habebat.</strong></span> <span class='ocrx_word' id='word_1_301' title='bbox 1939 4185 2050 4259; x_wconf 74' lang='lat' dir='ltr'><strong>Ea.</strong></span> <span class='ocrx_word' id='word_1_302' title='bbox 2074 4208 2202 4254; x_wconf 86' lang='lat' dir='ltr'><strong>nec</strong></span> <span class='ocrx_word' id='word_1_303' title='bbox 2239 4186 2463 4271; x_wconf 89' lang='lat' dir='ltr'><strong>nimia,</strong></span> 
     </span>
     <span class='ocr_line' id='line_1_37' title="bbox 244 4288 2465 4385; baseline 0.001 -32"><span class='ocrx_word' id='word_1_304' title='bbox 244 4295 317 4353; x_wconf 89' lang='lat' dir='ltr'><strong>ut</strong></span> <span class='ocrx_word' id='word_1_305' title='bbox 370 4289 564 4384; x_wconf 89' lang='lat' dir='ltr'><strong>apud</strong></span> <span class='ocrx_word' id='word_1_306' title='bbox 621 4300 897 4383; x_wconf 84' lang='lat' dir='ltr'><strong>poetam</strong></span> <span class='ocrx_word' id='word_1_307' title='bbox 915 4343 935 4380; x_wconf 90' lang='lat'>‚</span> <span class='ocrx_word' id='word_1_308' title='bbox 1001 4291 1368 4385; x_wconf 83' lang='lat' dir='ltr'><strong>imaginum</strong></span> <span class='ocrx_word' id='word_1_309' title='bbox 1410 4288 1773 4360; x_wconf 83' lang='lat' dir='ltr'><strong>multitudo</strong></span> <span class='ocrx_word' id='word_1_310' title='bbox 1822 4297 1926 4357; x_wconf 87' lang='lat' dir='ltr'><strong>est</strong></span> <span class='ocrx_word' id='word_1_311' title='bbox 1942 4336 1963 4373; x_wconf 93' lang='lat'>‚</span> <span class='ocrx_word' id='word_1_312' title='bbox 2026 4299 2096 4357; x_wconf 89' lang='lat' dir='ltr'><strong>et</strong></span> <span class='ocrx_word' id='word_1_313' title='bbox 2133 4288 2465 4357; x_wconf 88' lang='lat' dir='ltr'><strong>rationem</strong></span> 
     </span>
     <span class='ocr_line' id='line_1_38' title="bbox 246 4392 2463 4484; baseline 0.001 -28"><span class='ocrx_word' id='word_1_314' title='bbox 246 4395 543 4463; x_wconf 88' lang='lat' dir='ltr'><strong>continet</strong></span> <span class='ocrx_word' id='word_1_315' title='bbox 576 4393 899 4464; x_wconf 86' lang='lat' dir='ltr'><strong>idoneam</strong></span> <span class='ocrx_word' id='word_1_316' title='bbox 941 4395 1202 4464; x_wconf 81' lang='lat' dir='ltr'><strong>numeri</strong></span> <span class='ocrx_word' id='word_1_317' title='bbox 1245 4395 1603 4464; x_wconf 83' lang='lat' dir='ltr'><strong>centenarii</strong></span> <span class='ocrx_word' id='word_1_318' title='bbox 1616 4443 1638 4481; x_wconf 90' lang='lat'><strong>,</strong></span> <span class='ocrx_word' id='word_1_319' title='bbox 1692 4413 1896 4484; x_wconf 90' lang='lat' dir='ltr'><strong>quem</strong></span> <span class='ocrx_word' id='word_1_320' title='bbox 1928 4393 2000 4460; x_wconf 89' lang='lat' dir='ltr'><strong>in</strong></span> <span class='ocrx_word' id='word_1_321' title='bbox 2030 4392 2308 4460; x_wconf 79' lang='lat' dir='ltr'><strong>fimbriis</strong></span> <span class='ocrx_word' id='word_1_322' title='bbox 2338 4413 2463 4459; x_wconf 86' lang='lat' dir='ltr'><strong>zo-</strong></span> 
     </span>
     <span class='ocr_line' id='line_1_39' title="bbox 244 4493 2464 4585; baseline -0 -24"><span class='ocrx_word' id='word_1_323' title='bbox 244 4514 369 4565; x_wconf 85' lang='lat' dir='ltr'><strong>nae</strong></span> <span class='ocrx_word' id='word_1_324' title='bbox 413 4521 556 4567; x_wconf 88' lang='lat' dir='ltr'><strong>nou</strong></span> <span class='ocrx_word' id='word_1_325' title='bbox 602 4500 921 4568; x_wconf 86' lang='lat' dir='ltr'><strong>miramur</strong></span> <span class='ocrx_word' id='word_1_326' title='bbox 936 4551 956 4585; x_wconf 90' lang='lat'>‚</span> <span class='ocrx_word' id='word_1_327' title='bbox 1010 4501 1329 4568; x_wconf 88' lang='lat' dir='ltr'><strong>miramur</strong></span> <span class='ocrx_word' id='word_1_328' title='bbox 1376 4509 1600 4568; x_wconf 89' lang='lat' dir='ltr'><strong>autem</strong></span> <span class='ocrx_word' id='word_1_329' title='bbox 1641 4496 1708 4564; x_wconf 90' lang='lat' dir='ltr'><strong>in</strong></span> <span class='ocrx_word' id='word_1_330' title='bbox 1753 4495 2034 4565; x_wconf 86' lang='lat' dir='ltr'><strong>urbibus</strong></span> <span class='ocrx_word' id='word_1_331' title='bbox 2051 4545 2072 4581; x_wconf 87' lang='lat'>,</span> <span class='ocrx_word' id='word_1_332' title='bbox 2126 4493 2464 4585; x_wconf 87' lang='lat' dir='ltr'><strong>quoniam,</strong></span> 
     </span>
    </p>
   </div>
   <div class='ocr_carea' id='block_1_3' title="bbox 1892 4613 2051 4683">
    <p class='ocr_par' dir='ltr' id='par_1_3' title="bbox 1892 4613 2051 4683">
     <span class='ocr_line' id='line_1_40' title="bbox 1892 4613 2051 4683; baseline 0 0"><span class='ocrx_word' id='word_1_333' title='bbox 1892 4613 2051 4683; x_wconf 66' lang='grc' dir='ltr'><strong>ΤΣ</strong></span> 
     </span>
    </p>
   </div>
  </div>
 </body>
</html>
