3259 5275
720 450 811 512 54
1394 440 1508 499 DE
1580 435 2131 499 PARTIGVLA
2178 431 2268 501 ἓν

917 632 1186 703 Eadem
1209 631 1380 699 ratio
1408 641 1510 700 est
1535 630 2018 723 particularum
2046 626 2345 697 finalium
2363 678 2384 714 ‚
2436 636 2513 695 ut
2548 624 2778 724 ὄφρα,
2817 625 2952 717 ’ω’ς,

715 739 947 828 ὅπως,
1004 743 1146 809 ἴνα.
1251 733 1740 827 Aristophanes
1771 734 2039 806 Eccles.
2077 728 2251 803 151.

919 914 1331 1044 ἐβουλόμην
1379 923 1519 1015 μὲν
1572 926 1824 1018 ἕτερον
1879 948 1972 995 αν
2019 947 2170 994 των
2222 914 2522 1017 ἠθάδων

925 1028 1157 1119 λέγειν
1208 1052 1306 1098 τα
1357 1021 1742 1118 βέλτισθ’,
1798 1020 1897 1097 ἵν
1950 1017 2333 1122 ἐκαθήμην
2386 1021 2663 1121 ἥσυχος

718 1196 895 1267 Vide
934 1194 1145 1287 Vesp.
1194 1192 1372 1269 961.
1478 1194 1658 1264 Illud
1704 1193 2108 1278 notandum,
2173 1192 2352 1261 hanc
2388 1194 2957 1263 constructionem

717 1299 1062 1369 indicativi
1097 1298 1259 1368 sine'
1283 1298 1610 1390 particula
1652 1297 1743 1371 ἂν
1782 1298 1871 1367 de
1901 1320 2093 1368 more
2134 1296 2442 1387 usurpari
2459 1343 2479 1381 ‚
2531 1296 2649 1364 ubi
2693 1307 2958 1366 senten-

720 1405 813 1472 tia
840 1400 1231 1495 principalis
1249 1453 1270 1489 ‚
1315 1403 1455 1471 sive
1486 1401 1718 1470 addito
1754 1399 1846 1475 ἄν
1868 1450 1888 1488 ,
1942 1401 2083 1470 sive
2122 1422 2257 1470 non
2297 1398 2565 1477 addito‘,
2621 1399 2958 1470 conditio-

674 1513 679 1518 ’
720 1530 876 1575 nem
897 1528 1035 1574 non
1057 1505 1407 1598 impletam
1424 1506 1739 1591 continet,
1772 1513 1850 1573 ut
1875 1504 2063 1597 apud
2082 1502 2501 1594 Aeschylum
2528 1502 2955 1578 homa-16.

931 1691 1009 1767 τί
1061 1688 1235 1788 δῆτ’
1290 1690 1457 1783 ἐμοὶ
1510 1690 1634 1781 ζῆν
1685 1691 1958 1787 κέρδος,
2012 1686 2177 1763 αλλ
2230 1686 2361 1763 οὐκ
2415 1693 2493 1763 ἐν
2541 1685 2753 1781 τάχει

932 1790 1185 1894 ἔρρἰψ
1239 1788 1565 1918 ἑμαυτην
1615 1791 1818 1891 τῆςὸ
1864 1788 2015 1868 cino*
2066 1787 2393 1917 στύφλου
2435 1796 2727 1887 πέτρας,

936 1897 1124 1979 ὅπως
1173 1899 1364 1991 πέδῳ
1419 1890 1758 1993 σκήψασα
1809 1896 1956 1970 τῶν
2008 1922 2303 1969 παντων
2354 1889 2597 1971 πόνων

932 1993 1391 2099 α’πηλλοὶγηνς

725 2172 1064 2264 Exempla
1097 2170 1436 2261 quaedam
1472 2168 1663 2237 dedit
1694 2167 2028 2238 Matthiae
2051 2169 2126 2238 in
2150 2192 2258 2261 gr.
2290 2167 2416 2242 Gr.
2464 2163 2763 2264 §.5211
2817 2179 2957 2243 not.

725 2273 801 2351 5.
846 2278 964 2366 qui
1008 2284 1234 2342 tamen
1272 2295 1496 2363 neque
1536 2273 1775 2364 Eurip.
1820 2272 2082 2344 Phoen.
2128 2270 2306 2346 213.
2349 2271 2599 2341 afferre
2640 2270 2960 2359 debebat,

727 2401 865 2470 quo
894 2379 963 2446 in
1007 2378 1164 2446 loco
1197 2382 1317 2449 ἴνα
1361 2398 1499 2444 ιιοιι
1534 2383 1614 2444 ιιι
1638 2422 1659 2460 ,
1712 2375 1837 2444 sed
1881 2374 2004 2444 uba·
2033 2377 2406 2467 significat,
2455 2397 2680 2465 neque
2723 2376 2960 2445 Plato-
3049 2433 3056 2440 .

730 2484 830 2551 nis
856 2482 1086 2549 locum
1114 2480 1182 2546 in
1209 2476 1511 2548 Menone
1542 2477 1637 2546 ita
1672 2487 2055 2547 truncatum
2084 2501 2473 2570 apponere,
2525 2488 2602 2547 ut
2627 2479 2827 2548 Plato
2857 2480 2961 2548 le-

731 2584 1046 2679 gentibus
1103 2581 1295 2650 aliter
1311 2631 1331 2670 ‚
1383 2603 1588 2672 quam
1635 2582 1832 2669 licet,
1893 2582 2211 2672 loquutus
2252 2580 2573 2655 videatur.
2684 2582 2962 2676 Integer

728 2690 920 2758 locus
945 2686 1059 2754 hic
1090 2694 1193 2755 est
1215 2709 1288 2778 p.
1320 2682 1446 2759 89.
1475 2685 1562 2757 Β.
1596 2684 1716 2757 καὶ
1744 2711 1882 2779 γαρ
1905 2714 1997 2758 αν
2030 2712 2175 2758 που
2202 2684 2321 2758 καὶ
2346 2679 2511 2763 τόδ’
2539 2682 2661 2784 ἦν·
2716 2688 2789 2758 εἰ
2822 2680 2965 2783 φύ-

733 2818 845 2865 σει
877 2795 953 2883 οἱ
995 2785 1276 2882 αγαθοι
1313 2787 1730 2881 ἐγίγνοντο,
1782 2782 1968 2908 ἦσαν
2009 2815 2152 2863 που
2183 2815 2276 2861 αν
2304 2784 2480 2885 ημῖν
2512 2794 2593 2861 οι
2627 2792 2965 2882 ἐγίγνωσ-

728 2920 858 2967 κον
904 2891 1054 2966 τῶν
1095 2885 1275 2965 νεών
1318 2917 1493 2972 τους
1536 2885 1867 2984 αγαθους
1917 2917 2051 2972 τας
2096 2885 2384 2985 φύσεις·
2449 2889 2572 2973 οὓς
2617 2889 2825 2988 ἡμεῖς
2870 2890 2965 2965 ἄν

730 2988 1327 3119 παραλαβόντες,
1381 2994 1669 3069 ἐκείνων
1680 2987 2283 3116 ἀποφηνάντων,
2338 2989 2849 3089 ἑφυλαττομεν
2884 2999 2964 3071 ἐν

732 3091 1165 3228 αἰξροπόλει,
1215 3121 1914 3216 κατασημηναμενοι
1972 3090 2163 3170 πολυ
2207 3096 2489 3189 μᾶλλον
2539 3097 2588 3194 ἢ
2645 3125 2736 3171 το
2788 3124 2964 3196 χρυ·-

734 3201 940 3285 σίον,
992 3207 1113 3273 ἴνα
1148 3200 1396 3322 μηδεὶς
1438 3225 1707 3281 αυτους
1750 3201 2220 3324 διέφθειρεν,
2273 3194 2433 3272 ἀλλ’
2481 3193 2739 3323 ἐπειδή
2776 3197 2964 3295 ἀφί-

731 3332 981 3379 κοιντο
1019 3302 1116 3384 {sic
1147 3330 1284 3399 την
1311 3301 1625 3400 ηλικίαν,
1680 3296 2027 3400 χρήσιμοι
2048 3300 2419 3394 γίγνοιντο
2449 3308 2610 3385 ταῖς
2638 3295 2962 3381 πόλεσιν.

730 3410 1070 3500 Apertum
1100 3416 1238 3491 est,
1291 3429 1682 3499 expressam
1717 3429 1863 3476 esse
1907 3407 1979 3475 in
2018 3405 2375 3526 principali
2421 3407 2749 3475 sententia
2790 3429 2964 3475 con-

733 3510 1058 3579 ditionem
1095 3531 1232 3577 non
1263 3507 1633 3601 impletam.
1744 3509 1954 3595 Quod
1994 3509 2050 3578 si
2093 3531 2271 3599 quae
2300 3530 2430 3601 per
2482 3508 2605 3591 οὓς
2648 3508 2967 3579 adiuncta

732 3621 834 3682 est
878 3612 1236 3698 sententia,
1290 3612 1534 3680 iterum
1574 3612 1788 3682 habet
1834 3610 1968 3701 οἷν,
2020 3613 2274 3681 factum
2315 3610 2389 3679 id
2433 3621 2537 3682 est
2580 3635 2702 3693 eo.
2772 3611 2965 3703 quod

732 3738 871 3785 non
911 3714 1172 3808 pendet
1223 3736 1309 3783 ex
1346 3715 1579 3807 priore
1618 3716 1980 3801 sententia,
2032 3715 2155 3784 sed
2202 3715 2345 3785 sola
2386 3739 2514 3809 per
2554 3739 2628 3785 se
2673 3726 2962 3789 constat.

733 3818 943 3904 Quod
983 3827 1208 3886 autem
1233 3818 1302 3885 in
1328 3817 1467 3887 fine
1495 3829 1790 3890 mutatur
1818 3816 2008 3888 verbi
2031 3818 2306 3906 modus,
2357 3816 2428 3886 id
2463 3829 2650 3888 recte
2684 3819 2966 3908 quidem

731 3921 1049 3991 observat
1076 3921 1526 3989 Buttmannus
1552 3922 1702 3990 fieri
1735 3930 2020 4014 propter
2048 3943 2522 4015 praegressum
2549 3918 2966 4018 ἀφίκοιντο,

733 4024 858 4094 sed
889 4046 1026 4093 non
1057 4023 1377 4116 explicuit
1407 4032 1658 4097 tamen.
1725 4025 2054 4095 Nimirum
2084 4048 2219 4095 non
2250 4035 2436 4094 recte
2467 4026 2737 4095 dixisset
2765 4026 2967 4096 Plato

731 4122 982 4223 ἐπειδή
1012 4120 1367 4221 ἀφίκοντο
1387 4172 1409 4212 ,
1459 4126 1649 4216 quod
1689 4127 1782 4196 sic
1817 4127 2206 4212 indicasset,
2257 4152 2399 4198 non
2435 4129 2645 4200 fuisse
2674 4127 2827 4198 illos
2874 4130 2966 4198 ad

728 4232 972 4301 iustam
999 4236 1289 4298 aetatem
1324 4241 1795 4351 perventuros.
1904 4230 2113 4316 Quod
2160 4232 2214 4301 si
2255 4233 2615 4327 participio
2640 4254 2799 4301 usus
2850 4256 2966 4303 es-

732 4342 871 4423 set,
923 4341 1110 4403 recte
1145 4332 1453 4416 dixisset,
1502 4330 1665 4407 αλλ’
1699 4329 2132 4428 ἀφικόμενοι
2175 4337 2274 4416 εἰς
2299 4330 2438 4433 τήν
2478 4333 2760 4430 ηλικίαν
2792 4331 2968 4434 χρή·

731 4465 940 4530 σιμοι
975 4434 1368 4531 ἐγίγνοντο.
1437 4438 1585 4506 Nec
1612 4460 1750 4507 non
1777 4438 2002 4531 potuit
2034 4435 2403 4530 ἐγίγνοντο
2435 4439 2683 4523 dicere,
2719 4461 2966 4530 quam-
