3259 5275
1031 473 1205 537 LIB.
1247 473 1328 537 11.
1416 472 1604 538 CAP.
1653 477 1757 540 12.
2381 484 2519 583 „¹²⁹

486 660 633 731 Sed
674 663 1116 734 memorabile
1166 672 1308 754 est,
1368 663 1528 735 huic
1577 664 2019 741 ,coniunctivo
2071 664 2510 742 deliberativo

291 787 415 833 non
460 788 608 834 esse
643 768 868 835 locum
901 769 1022 836 nisi
1070 769 1140 836 in
1172 769 1500 837 sententia
1542 768 1841 860 aliquam
1876 770 2306 862 negationem
2339 797 2506 843 con-

286 869 543 938 tinente.
652 871 862 956 Quod
910 872 1031 941 etsi
1076 871 1346 941 minime
1386 873 1631 941 mirum
1685 881 1819 959 est,
1871 885 2098 941 tamen
2115 922 2136 959 ,
2191 878 2509 965 quoniam

285 994 484 1063 saepe
534 974 883 1043 recondita
925 976 1091 1044 latet
1129 977 1247 1044 illa
1276 976 1587 1069 negatio,
1643 975 1890 1097 effugit
1931 976 2104 1045 haec
2133 981 2306 1047 ratio
2351 980 2505 1049 dili-

278 1076 574 1166 gentiam
614 1079 912 1147 virorum
943 1078 1317 1148 doctorum.
1420 1082 1514 1150 At
1548 1080 1764 1149 omnis
1799 1079 2196 1149 deliberatio
2226 1092 2345 1151 est
2373 1083 2505 1154 du·-

276 1177 580 1262 bitantiS,
631 1181 820 1270 quod
853 1191 954 1251 est
990 1183 1340 1251 nescientis
1382 1183 1549 1273 quid
1590 1184 1817 1275 eligat.
1926 1181 2125 1251 Vnde
2168 1181 2298 1257 οὐκ
2340 1188 2503 1278 ἔχω,

275 1276 568 1373 daupei,
623 1279 948 1383 αμφιςβη
951 1285 1097 1362 τῶ..
1152 1295 1264 1354 aut
1304 1287 1516 1356 simile
1561 1286 1729 1378 quid
1763 1285 2016 1377 ubique
2059 1287 2307 1357 subest.
2414 1291 2507 1359 Vt

272 1384 461 1476 apud
488 1313 948 1479 Aeschylumq
934 1390 1162 1458 Prom.
1194 1387 1368 1459 779.

1107 1540 1278 1616 ἑλοῦ
1307 1566 1447 1663 γαρ
1479 1539 1525 1639 ἢ
1556 1534 1658 1614 ro?
1689 1536 1913 1615 λοιποί
1954 1567 2074 1617 σοι

476 1635 733 1739 φράσω
775 1668 1152 1741 σαφηνως,
1207 1644 1254 1742 ἢ
1289 1637 1422 1719 τᾶν
1459 1639 1834 1719 ἐκλύσοντ’
1861 1646 2012 1739 ἐμέ.

264 1793 414 1862 Nec
445 1795 712 1863 mirum.
819 1796 1052 1882 Quum
1088 1798 1265 1866 enim
1299 1798 1599 1866 excultus
1649 1819 1873 1866 sermo
1922 1796 2369 1888 Graecorum,
2422 1809 2500 1869 ιιι

265 1920 477 1989 supra
536 1897 824 1985 dictum,
895 1901 1318 1970 coniunctivo
1358 1923 1494 1969 non
1535 1909 1761 1968 utatur
1806 1902 1875 1969 in
1924 1903 2249 1971 sententia
2294 1904 2498 1990 finali,

262 2001 384 2068 nisi
417 2003 753 2094 particula
793 2003 978 2072 finali
1018 2004 1281 2090 addita,
1332 2005 1737 2096 migraretur
1774 2027 1858 2072 ea
1887 2027 2159 2095 norma,
2205 2006 2260 2074 si
2304 2007 2494 2075 affir-

260 2105 559 2174 matione
606 2129 1008 2198 praegressa
1056 2107 1530 2177 deliberativas
1588 2106 2044 2176 coniunctivus
2094 2121 2495 2200 poneretur:

259 2216 332 2275 ut
368 2209 510 2297 ἔχω
561 2206 607 2281 ὅ
645 2235 725 2280 τι
772 2210 922 2303 (poi,
1002 2210 1239 2280 habeo
1284 2211 1482 2303 quod
1525 2209 1794 2278 dicam.
1895 2209 2091 2279 Haec
2132 2212 2310 2279 enim
2360 2212 2494 2281 iam

258 2333 398 2378 non
445 2310 880 2402 deliberatio,
936 2336 1157 2404 neque
1204 2313 1667 2383 conditionalis
1715 2314 2040 2382 sententia
2083 2323 2224 2400 est,
2277 2317 2491 2406 qualis

260 2410 392 2488 οὐκ
423 2414 562 2503 ἔχω
600 2411 647 2486 ὅ
675 2441 752 2486 τι
791 2415 949 2509 φῶ,
1003 2417 1126 2486 sed
1170 2418 1406 2491 finalis.
1457 2417 1761 2486 Diximus
1795 2416 1974 2484 enim
2004 2417 2074 2484 in
2114 2419 2296 2486 omni
2338 2442 2494 2488 sen-

255 2518 469 2587 tentia
500 2516 934 2587 conditionali
966 2544 1094 2613 per
1124 2520 1618 2590 coniunctivum
1651 2520 2011 2612 significari
2036 2519 2337 2590 futurum
2369 2545 2493 2591 ex-

255 2630 528 2691 actum:
583 2644 668 2691 eo
707 2631 932 2692 autem
974 2617 1142 2694 fflud
1160 2677 1194 2714 ,
1232 2624 1421 2717 qnod
1464 2625 1787 2717 primario
1838 2623 2051 2693 verbo
2097 2625 2489 2713 continetur,

253 2726 594 2818 posterius
642 2750 788 2795 esse
841 2727 1084 2816 debet,
1137 2737 1213 2798 ut
1254 2722 1383 2801 ἐοῖν
1431 2730 1680 2825 θέλῃς,
1735 2729 1929 2809 λέξω.
2031 2727 2229 2797 Haec
2283 2730 2340 2798 si
2397 2730 2492 2800 ad

256 2829 425 2897 illud
451 2830 835 2915 transferas,
890 2828 1020 2905 οὐκ
1051 2829 1271 2923 ἔχω.ὅ
1298 2859 1377 2905 τι
1415 2831 1557 2928 φῶ,
1609 2838 1798 2900 recte
1829 2854 1902 2899 se
1936 2829 2217 2900 habebit
2249 2835 2487 2907 oratio.

253 2933 439 3001 Nam
480 2930 528 3006 ὅ
568 2960 645 3005 τι
679 2933 796 3030 <pai
828 2936 1109 3027 proprie
1150 2943 1253 3005 est
1298 2936 1498 3028 quod
1538 2935 1792 3004 dicere
1818 2942 2157 3028 repertus
2188 2935 2367 3006 sim.-
2415 2937 2492 3005 id

253 3037 464 3129 igitur
492 3036 796 3105 nondum
847 3048 1136 3127 constat,
1190 3038 1315 3107 sed
1347 3037 1876 3131 exspectandum
1919 3037 2194 3106 demum
2237 3049 2357 3126 est,
2403 3062 2488 3108 an

254 3141 403 3231 quis
444 3138 677 3208 dicere
708 3141 1122 3232 reperiatur:
1161 3143 1387 3233 itaque
1421 3144 1481 3211 ei
1511 3150 1698 3210 recte
1740 3140 1911 3209 illud
1939 3140 2163 3233 ipsum
2197 3142 2488 3229 additur,

256 3238 386 3316 οὐκ
428 3243 591 3332 ἔχω.
672 3245 768 3313 Αι
795 3245 848 3312 si
879 3245 1065 3314 dicas
1105 3245 1241 3336 ἔχω
1279 3244 1402 3318 ὅτι
1432 3244 1568 3339 <paz
1618 3245 2100 3337 repugnabunt
2139 3244 2311 3313 haec
2338 3244 2485 3316 sibi.

253 3346 435 3415 Nam
467 3369 676 3436 quum
714 3344 760 3420 ὅ
789 3375 862 3420 τι
912 3347 1030 3442 φῶ
1065 3349 1250 3436 dicis,
1303 3347 1375 3418 id
1414 3357 1488 3416 ut
1531 3347 1852 3431 futurum,
1907 3346 2117 3437 idque
2157 3347 2487 3417 incertum

253 3450 494 3541 ponis;
550 3472 760 3540 quum
795 3461 1022 3521 autem
1074 3453 1208 3542 ἔχω
1252 3451 1480 3519 adiicis
1502 3498 1523 3535 ,
1573 3451 1710 3518 iam
1756 3473 2075 3543 praesens
2114 3460 2182 3519 et
2227 3460 2485 3520 certum

254 3576 401 3622 esse
456 3553 624 3621 dicis
659 3554 859 3642 illud,
913 3555 1102 3645 quod
1134 3577 1218 3623 ex
1256 3555 1383 3623 ista
1428 3555 1655 3623 futura
1695 3578 1771 3622 re
1811 3552 2142 3646 pendeat,
2198 3555 2402 3623 veluti
2433 3556 2488 3623 si

254 3656 478 3726 dicas:
552 3656 826 3743 habeo,
890 3659 1090 3751 quod
1133 3658 1413 3728 dixero.
1521 3655 1953 3746 Omninoque
1994 3657 2063 3725 in
2108 3679 2192 3725 eo
2215 3707 2235 3744 ,
2300 3657 2489 3748 quod

254 3771 353 3828 est
394 3758 639 3829 habeo
684 3761 884 3854 quod
930 3762 1219 3850 dicam,
1288 3762 1454 3831 nihil
1493 3762 1667 3830 inest
1716 3760 2248 3830 deliberationis:
2303 3760 2491 3830 unde

252 3885 336 3932 ne
374 3863 574 3933 verbi
617 3865 893 3954 quidem
954 3864 1198 3951 modo,
1253 3866 1371 3956 qni
1415 3864 1879 3934 deliberationi
1922 3864 2226 3950 inservit,
2297 3863 2487 3933 locus
2597 3853 2617 3866 ⁸

256 3977 373 4037 est.
482 3966 721 4057 Itaque
760 3991 896 4037 non
943 3969 1038 4036 sic
1087 3970 1452 4058 loquuntur
1507 3967 1798 4054 Graeci,
1860 3966 1984 4036 sed
2031 3975 2149 4035 aut
2188 3966 2488 4036 futurum

254 4069 618 4158 adhibent,
672 4081 789 4139 aut
833 4072 1033 4140 aliam
1069 4073 1402 4165 figuram:
1460 4071 1799 4164 planeque
1841 4070 2223 4163 comparari
2260 4079 2489 4162 potest

254 4172 448 4267 πρίν,
502 4175 692 4263 quod
727 4197 864 4243 non
894 4175 1016 4245 nisi
1044 4177 1411 4267 negatione
1445 4197 1848 4267 praegressa
1874 4196 2032 4242 cum
2066 4173 2277 4242 verbo
2296 4183 2488 4242 recto

255 4279 688 4346 construitur:
741 4277 829 4347 de
859 4302 995 4370 qua
1027 4302 1105 4348 re
1141 4278 1277 4347 dixi
1310 4277 1400 4348 ad
1429 4279 1669 4370 Eurip.
1714 4276 1910 4350 Med.
1949 4273 2123 4345 215.
2157 4285 2235 4345 et'
2251 4276 2489 4345 Reisi-

253 4379 405 4471 gius
453 4381 521 4448 in
550 4380 707 4450 diss,
755 4380 842 4451 de
879 4384 1209 4474 particula
1234 4382 1326 4455 ἄν
1362 4405 1433 4473 p.
1478 4377 1651 4450 1⁰5.
1685 4404 1830 4471 seq.
1934 4379 2170 4449 Edidit
2213 4379 2491 4472 quidem

254 4481 615 4552 Bekkerns
655 4485 841 4577 apud
869 4487 1228 4556 Platonem
1251 4487 1325 4555 in
1349 4484 1668 4555 Phaedro
1696 4507 1772 4578 p.
1803 4480 1978 4553 255.
2007 4484 2094 4553 E.
2127 4487 2202 4557 ἐν
2232 4477 2364 4558 οὖν
2399 4482 2493 4578 τῇ

356 4585 606 4656 Hmm.
650 4587 786 4660 ΟΡ.
837 4589 954 4658 lv.
2032 4588 2067 4654 Ι
2300 4643 2305 4648 .
