3259 5275
1060 492 1229 558 LIB.
1282 493 1332 555 1.
1423 493 1614 556 CAP.
1659 496 1759 559 18.
2015 489 2021 494 ’
2439 496 2526 560 ⁷8

308 685 548 756 Refert
590 684 766 754 euim
807 707 956 752 rem
1003 692 1354 775 tamquam
1399 685 1687 776 factam,
1743 683 1902 775 quia
1968 693 2154 753 certo
2191 685 2285 754 ita
2330 686 2520 756 futu-
2573 721 2584 732 ·

304 813 448 859 rum
492 788 700 857 fuisse
730 787 1030 857 indicare
1070 789 1233 858 vult.
1337 789 1455 858 Sic
1497 790 1701 858 etiam
1729 787 2144 880 Euripides
2124 811 2192 856 ιιι
2229 789 2521 859 Bacchis

302 917 364 967 v
409 890 636 961 1309.
679 900 748 959 et
781 892 852 959 iu
902 891 1068 960 lone
1110 887 1283 959 353.
1385 892 1591 960 Nolet
1643 893 1818 961 haec
1862 891 2070 960 hodie
2111 894 2386 980 mutari,
2448 901 2523 963 ut

300 1018 537 1089 spero,
606 995 999 1081 Elmsleius,
1052 1018 1259 1085 quem
1301 995 1454 1064 vide
1497 995 1583 1063 ad
1620 994 1813 1069 Med.
1846 993 2019 1065 416.
2050 1003 2190 1071 not.
2235 1017 2307 1089 p.
2342 992 2516 1067 15⁰.

296 1099 614 1192 Diphilus
645 1097 836 1192 apud
864 1098 1112 1168 Athen.
1141 1098 1257 1167 lv.
1285 1121 1361 1191 p.
1390 1095 1562 1168 165.
1592 1099 1675 1168 F.

464 1254 580 1325 εἰ
621 1279 724 1347 μη
779 1245 1097 1347 συνήθης
1151 1250 1487 1376 Φαιδίμῳ
1540 1247 1617 1347 γ’
1667 1248 2056 1348 ἐτύγχανεν

506 1352 551 1427 ὅ
578 1354 953 1478 Χαβρίου
1002 1349 1479 1452 Κτήσιππος,
1536 1351 2007 1454 εἰςηγησοῖμην

506 1451 741 1551 νόμον
793 1459 911 1531 τίν
994 1454 1125 1531 οὐκ
1164 1486 1567 1558 αχρηστον,
1618 1457 1710 1541 οἷς
1760 1459 1927 1553 ἐμοὶ
1981 1464 2192 1534 δοκεῖ.

294 1610 694 1680 Herodotus
726 1612 777 1683 Ι.
819 1610 990 1680 18Ί.
1018 1613 1186 1708 τῇσι
1229 1611 1307 1685 δὲ
1343 1605 1610 1708 πύλῃσι
1639 1606 1950 1709 ταύτῃσι
1998 1610 2211 1688 οὐδὲν
2248 1617 2516 1736 ἐχρᾶτο

294 1715 515 1787 τοῦδε
549 1721 804 1793 εἵνεκα,
861 1713 981 1787 ὅτι
1005 1712 1194 1835 ὑπὲρ
1223 1718 1531 1809 κεφαλῆς
1562 1722 1636 1788 οἱ
1672 1718 1958 1809 ἐγένετο
1991 1715 2033 1788 ὁ
2062 1711 2304 1815 νεκρδς
2332 1723 2516 1801 διεξ-

296 1811 702 1890 ελαύνοντι.
806 1818 1022 1886 Hoc
1003 1818 1303 1909 mprimis
1348 1818 1765 1887 luculentum
1807 1821 2194 1912 exemplum
2244 1832 2377 1909 est,
2431 1845 2518 1891 ex

294 1942 433 2010 quo
471 1943 995 2013 cognoscamus,
1047 1922 1389 2012 aptissime
1419 1921 1577 1989 huic
1607 1923 1873 2014 figurae
1901 1924 2128 1992 locum
2166 1947 2347 2014 esse,
2401 1925 2518 1994 ubi

294 2046 441 2091 rem
467 2023 740 2092 minime
779 2025 1057 2093 dubiam
1080 2025 1459 2116 significare
1490 2025 1820 2118 volumus,
1920 2028 2098 2095 Nam
2136 2050 2348 2119 quum
2391 2031 2521 2098 Ni-

290 2127 500 2195 tocris
536 2127 736 2195 condi
774 2151 846 2197 se
888 2128 1208 2196 voluisset
1248 2150 1454 2219 supra
1483 2137 1713 2220 portas
1744 2129 1928 2216 illas,
1978 2133 2358 2200 necessario
2405 2155 2515 2201 su-

291 2253 421 2323 per
463 2232 690 2322 capite
720 2231 908 2299 Darii
938 2232 1175 2300 fuisset
1205 2252 1451 2324 corpus
1488 2240 1833 2322 mortuae,
1885 2232 1942 2301 si
1967 2256 2097 2328 per
2135 2257 2249 2304 eas
2277 2244 2513 2327 portas

293 2342 528 2403 vectus
567 2343 761 2403 esset.

497 2487 728 2557 Vnum
771 2488 878 2559 his
924 2489 1173 2559 addam
1213 2488 1397 2559 aliud
1440 2488 1637 2559 huius
1670 2490 1934 2584 figurae
1975 2493 2390 2587 exemplum,
2443 2503 2520 2564 ut

293 2591 652 2662 (mendam
683 2615 805 2663 cur
834 2593 1043 2664 semel
1081 2593 1148 2663 iu
1184 2617 1268 2665 eo
1312 2594 1616 2665 additum
1660 2597 1743 2665 sit
1788 2594 1901 2670 ἄν.
2007 2597 2133 2667 Est
2168 2597 2358 2668 inud-
2379 2598 2516 2668 De·

293 2696 666 2765 mostheuis
713 2698 804 2767 ad
847 2699 1129 2791 Apatur.
1173 2721 1245 2791 Ρ.
1295 2698 1471 2787 901,
1520 2699 1641 2768 13.
1708 2703 2028 2792 γενέσθω
2085 2700 2338 2775 τοίνυν
2394 2701 2516 2776 καὶ

292 2800 520 2873 τοῦτο
568 2797 743 2890 ύμῖν
790 2795 1186 2897 τεκμήριον
1232 2803 1374 2876 τοῦ
1407 2797 1818 2897 ψεύδεσθαι
1854 2797 2396 2933 Ἀπατούριον·
2450 2807 2522 2879 εἰ

295 2928 431 2999 γαρ
464 2898 956 3026 ἕνεγυησοὶμην
982 2899 1120 3000 ἐγώ
1144 2898 1381 3000 τούτῳ
1412 2900 1545 2979 τόν
1577 2909 2096 3001 Παρμένοντα,
2152 2902 2282 2979 οὐκ
2313 2909 2513 2982 ἔστιν

296 3002 484 3086 ὅπως
515 2999 757 3101 τούτῳ
790 3008 930 3099 μὲν
958 3004 1139 3103 ὑπὲρ
1176 3007 1448 3082 ἐκείνου
1486 3004 1600 3081 οἷπ
1597 3037 1666 3129 η
1687 3018 1805 3099 χθ
1824 3007 1868 3083 o'
1886 3036 2020 3134 μη
2026 3038 2067 3081 ν
2078 3064 2107 3099 ,
2163 3005 2515 3109 πρόνοιαν

295 3102 736 3200 ποιούμενος
776 3108 964 3193 ὅπως
989 3105 1097 3207 μῆ
1136 3106 1394 3184 ἀπολεῖ
1423 3110 1474 3183 ὁὶ
1513 3107 1615 3185 δι’
1664 3111 1851 3203 ἐμοῦ
1881 3105 2121 3207 τούτῳ
2154 3114 2512 3208 συνέβαλ-

296 3213 448 3284 λεν·
536 3205 760 3293 αύτός
815 3210 887 3286 δ
939 3208 1278 3309 ἑμαυτόν
1328 3220 1818 3308 περιεῖδον
1885 3243 1985 3288 αν
2050 3211 2183 3289 ὑπ’
2237 3218 2512 3292 ἐκείνου

297 3308 472 3409 πρός
511 3316 786 3388 τοῦτον
813 3319 891 3389 ἐν
922 3309 1134 3413 ἐγγύῃ
1164 3310 1826 3410 καταλειπόμενον·
1880 3316 2048 3391 τίνα
2084 3344 2234 3437 γαρ
2259 3318 2512 3394 ἐλπίδα

299 3417 561 3508 ἔσχον
624 3416 896 3492 τοῦτον
943 3413 1495 3517 ἀποσχήσεσθαί
1544 3446 1735 3513 μου,
1792 3418 1879 3493 ὃν
1921 3416 2142 3503 αὐτός
2189 3415 2512 3516 ἠναγκα-

298 3545 436 3592 ner
483 3519 728 3643 ἐκείνῳ
773 3550 870 3596 τα
919 3520 1162 3596 δίκαια
1210 3548 1556 3617 ποιησαι,
1616 3522 1774 3596 καί·
1800 3517 1967 3645 τῆν.
1988 3518 2241 3622 ἐγγύην
2284 3520 2511 3601 αύτόν

298 3616 698 3742 εἰςπροίξας
719 3617 855 3721 τήν
910 3627 1009 3705 εἰς
1065 3619 1202 3721 τήν
1239 3618 1626 3749 τράπεζαν
1689 3620 1870 3722 πρός
1918 3622 2369 3717 ἀπέχθειαν,
2437 3629 2517 3704 τί

294 3750 404 3820 πρ
427 3753 468 3798 ο
489 3752 571 3806 ςε
593 3718 883 3846 ‹50⁹wa
932 3723 1078 3801 dno*
1119 3721 1393 3802 τούτου
1438 3722 1662 3810 aziz-64·
1687 3728 2118 3822 πείσεσθαις
2166 3730 2350 3799 Dixit
2383 3729 2515 3807 οὐκ

295 3827 496 3901 ἔστιν
526 3825 719 3910 ὅπως
751 3823 972 3911 aziz-69
1004 3823 1329 3922 ἐμαυτόν
1369 3830 1817 3927 περιεῖδον”’
1765 3861 1855 3905 αν
1870 3886 1899 3921 ,
1955 3834 2145 3923 quia,
2198 3855 2409 3923 quum
2448 3836 2517 3903 in

295 3952 371 3999 re
402 3940 676 4024 sumpta
704 3932 959 4023 aliquid
984 3932 1209 4003 denuo
1236 3934 1538 4021 sumitur,
1588 3934 1660 4004 id
1698 3958 1834 4005 uon
1859 3945 2089 4029 potest
2109 3960 2257 4005 rem
2281 3960 2517 4007 veram

296 4034 682 4127 oppositam
725 4034 1016 4126 habere,
1082 4038 1208 4107 sed
1249 4037 1539 4106 refertur
1585 4038 1680 4107 ad
1718 4040 1952 4108 fictum
1992 4040 2176 4132 quid.
2284 4042 2517 4128 Quare

296 4135 589 4312 fflcnngsp·
608 4132 796 4215 ἀλλοῖ
829 4144 1236 4239 περιεῖδον,
1290 4140 1416 4211 sed
1456 4135 1644 4217 α’λλοί
1682 4147 2049 4241 περιεῖδον
2096 4143 2189 4219 ἄν
2230 4146 2517 4240 qpposi-

500 4395 713 4482 Quod
753 4419 959 4490 supra
987 4394 1299 4466 dicebam
1314 4448 1335 4486 ‚
1389 4420 1599 4489 quum
1628 4419 1757 4491 per
1789 4373 2517 4491 figuram“rhetoricam

192 4596 203 4609 θ
309 4498 621 4570 omittitur
649 4498 744 4575 ἄν
756 4556 784 4592 ,
836 4500 1118 4571 verbum
1144 4522 1279 4571 nou
1317 4524 1526 4607 posse
1555 4524 1696 4587 ιιοιι
1720 4501 2003 4596 proprie
2036 4502 2137 4615 de,
2149 4502 2517 4595 praeterito
