3259 5275
791 475 879 538 96
1467 470 1582 531 DE
1655 470 2206 535 PARTICVLA
2252 466 2349 538 ἂν

797 659 924 748 οὗ,
978 658 1207 750 ὅπου,
1284 659 1399 750 οἶ,
1457 658 1669 750 ὅποι,
1724 658 1812 759 ᾗ,
1867 659 2057 760 ὅπῃ,
2112 664 2373 752 ἔνθεν,
2429 660 2658 753 ὅθεν,
2715 659 3010 757 ὁπόθεν,

797 777 942 836 tum
984 765 1388 858 pronomina
1432 761 1539 846 ὅς,
1593 765 1785 854 οἶος,
1858 763 2143 847 ὁποῖος,
2209 764 2417 851 ὅσος,4
2485 762 2790 857 ὁπόσος,
2845 765 3013 843 ὀπό-

796 890 1044 966 τερος.
1129 869 1397 936 Horum
1437 869 1811 958 quaedam,
1861 870 1930 937 in
1974 869 2206 962 primis
2244 871 2650 963 particulam
2694 872 3015 941 conditio·-

796 974 1020 1042 nalem
1055 973 1126 1045 εἰ
1141 1022 1165 1059 ,
1218 973 1307 1041 ab
1340 973 1579 1042 Atticis
1621 996 1762 1041 non
1794 974 1983 1065 iungi
2028 974 2453 1042 coniunctivo
2469 1022 2490 1058 ,
2535 975 2660 1043 nisi
2692 975 2748 1043 si
2793 974 2882 1049 ἂν
2906 1001 3015 1044 ac-

799 1077 1110 1165 cederet,
1164 1074 1284 1144 diu
1326 1077 1454 1144 fuit
1499 1077 1798 1144 virorum
1839 1077 2201 1145 doctorum
2255 1077 2511 1170 opinio.
2614 1077 2724 1147 Ac
2762 1076 3014 1148 Bastius

797 1180 1076 1271 quidem
1119 1179 1308 1270 quod
1341 1180 1410 1247 in
1448 1179 1733 1272 epistola
1759 1180 1987 1249 critica
2016 1180 2107 1247 ad
2135 1180 2634 1250 Boissonadum
2660 1205 2735 1274 p.
2767 1179 2935 1251 129.
2964 1190 3017 1256 s.

797 1284 911 1357 ed.
949 1283 1141 1375 Lips.
1195 1305 1280 1352 ex
1313 1281 1631 1352 Thomae
1675 1283 1779 1352 M.
1832 1295 2206 1376 praecepto
2256 1308 2329 1376 p.
2380 1282 2553 1355 267.
2597 1285 3016 1374 existimabat,

795 1387 1007 1458 verba
1037 1379 1575 1460 αὐθυπότακτα
1602 1388 1805 1455 etiam
1832 1386 2021 1480 apud
2052 1388 2312 1457 Atticos
2333 1391 2398 1461 εἱ
2428 1410 2583 1456 cum
2611 1388 3016 1457 coniunctivo

759 1480 940 1560 'sine
973 1489 1065 1563 ἄν
1100 1490 1493 1576 admittere,
1544 1490 1618 1558 id
1644 1491 1840 1560 inane
1874 1500 2329 1560 commentum
2361 1515 2509 1561 esse
2546 1492 2704 1569 satis
2736 1491 2898 1560 mihi
2922 1493 3017 1561 vi-

796 1594 968 1664 deor
991 1595 1487 1663 demonstrasse
1515 1594 1584 1661 in
1611 1594 2073 1664 dissertatione
2097 1593 2186 1664 de
2213 1595 2598 1689 praeceptis
2626 1595 3019 1686 quibusdam

795 1698 1276 1769 Atticistarum.
1382 1696 1584 1766 Vnde
1634 1707 1855 1766 ortum
1902 1699 1984 1767 sit
2027 1698 2197 1765 illud
2240 1700 2704 1770 Atticistarum
2742 1722 3019 1792 praece-

792 1811 991 1895 ptum
1007 1854 1029 1892 ‚
1097 1801 1330 1869 docuit
1377 1800 1769 1870 Lobeckius
1812 1802 1903 1869 ad
1937 1800 2196 1893 Plu-yn.
2234 1812 2316 1896 p.
2363 1800 2536 1871 724.
2641 1803 2912 1872 Accidit
2957 1803 3019 1872 iu

792 1905 929 1973 hac
979 1927 1253 1995 quoque
1309 1926 1419 1992 re,
1472 1904 1662 1995 quod
1704 1905 2131 1998 saepissime,
2182 1916 2259 1975 ut
2277 1958 2299 1996 ‚
2350 1927 2528 1997 quae
2578 1929 2738 1974 rara
2790 1915 3017 1992 esseut,

797 2018 1116 2100 corrupta
1147 2015 1572 2100 putarentur,
1624 2032 1754 2077 nec
1779 2016 2216 2100 quaereretur
2232 2060 2253 2097 ‚
2305 2033 2515 2101 quam
2545 2010 2879 2079 rationem
2900 2009 3018 2079 ha-

793 2112 1055 2182 berent.
1159 2111 1459 2180 Tantum
1506 2112 1703 2181 abest
1733 2114 1909 2182 euim
1925 2163 1947 2201 ,
1999 2121 2075 2181 ut
2114 2121 2229 2181 aut
2255 2136 2384 2205 per
2431 2137 2505 2183 se
2535 2136 2756 2207 prava
2798 2122 2911 2183 aut
2936 2113 3015 2182 ab

790 2217 1175 2287 Atticorum
1209 2238 1340 2284 usu
1374 2214 1748 2286 abhorrens
1779 2217 1862 2284 sit
1907 2217 2315 2286 constructio
2351 2218 2729 2310 particulae
2769 2220 2840 2290 εἰ
2876 2239 3019 2286 cum

794 2320 1256 2406 coniunctim,
1308 2325 1425 2403 ut,
1478 2341 1693 2408 quum
1737 2342 1876 2388 non
1918 2320 2207 2412 perinde
2236 2322 2352 2406 sit,
2405 2330 2630 2390 utrum
2671 2323 2747 2395 εἰ
2784 2344 2869 2388 an
2899 2315 3017 2395 ἑοῖν

791 2432 1120 2517 ponatur,
1163 2444 1303 2490 non
1334 2421 1555 2513 magis
1588 2415 1720 2495 ἑοῖν
1744 2444 1875 2516 pro
1913 2424 1977 2494 εἱ
1995 2470 2017 2508 ,
2062 2446 2269 2513 quam
2299 2426 2370 2496 εἰ
2391 2447 2522 2518 pro
2557 2418 2690 2498 ἐοῖν
2725 2423 3018 2493 adhiberi

791 2518 1025 2618 possit.
1130 2523 1538 2593 Monueram
1581 2547 1664 2592 ea
1711 2525 1801 2594 de
1847 2549 1924 2594 re
1961 2525 2050 2593 ad
2076 2526 2296 2620 Soph.
2327 2527 2433 2596 Ai.
2472 2525 2653 2600 491.
2687 2550 3015 2597 assensus-

794 2652 931 2720 que
964 2637 1068 2698 est
1095 2627 1197 2697 vir
1231 2628 1507 2698 eximius
1540 2629 1951 2718 maiorisque
1996 2629 2197 2698 animi
2228 2653 2435 2723 quam
2469 2642 2547 2702 ut
2578 2654 2731 2701 suas
2765 2631 3017 2724 opinio-

792 2755 916 2804 nes
960 2732 1223 2801 veritati
1265 2731 1644 2825 praeferret
1660 2783 1680 2818 ‚
1733 2733 1811 2800 P.
1863 2733 2223 2803 Elmsleius
2243 2784 2265 2822 ,
2334 2758 2540 2825 quem
2593 2745 3016 2828 praematura

788 2845 1009 2905 morte
1035 2836 1267 2905 litteris
1306 2844 1620 2927 ereptum
1646 2859 1794 2905 esse
1826 2858 2089 2908 summo
2119 2860 2276 2906 cum
2304 2838 2544 2908 dolore
2579 2862 2808 2932 nuper
2835 2860 3016 2908 acce-

786 2941 1031 3034 pimus.
1137 2939 1312 3007 Vide
1347 2962 1505 3007 eum
1534 2938 1624 3007 ad
1657 2937 1914 3011 Bacch.
1949 2939 2122 3008 203.
2156 2931 2329 3012 858.
2361 2952 2430 3011 et
2455 2943 2527 3010 in
2560 2945 2855 3034 praefat.
2887 2951 3016 3011 ter-

786 3046 919 3112 tia'e
946 3043 1053 3111 ed.
1084 3040 1263 3116 Oed.
1304 3043 1519 3136 Regis
1546 3043 1638 3112 ad
1677 3066 1740 3111 v,
1777 3041 1952 3111 191.
1985 3042 2162 3119 8Ί4.
2207 3044 2711 3116 Grammaticus
2738 3048 2809 3116 in
2838 3045 3018 3115 Bek-

785 3148 938 3216 keri
966 3147 1229 3217 Anecd.
1271 3170 1343 3240 p.
1385 3144 1559 3234 144,
1594 3144 1715 3215 2⁰.
1751 3141 1951 3241 μετά
1990 3147 2068 3220 δὲ
2114 3145 2615 3224 ὕποτακτικῶν
2683 3150 2907 3243 (Iliad.
2942 3175 3014 3243 μ.

871 3399 874 3402 “
996 3398 1136 3479 εἴτ’
1165 3402 1281 3478 ἐπὶ
1309 3401 1456 3487 δεξί
1472 3398 1490 3421 ’
1526 3403 1691 3476 ἴωσι
1719 3396 1900 3500 πρός
1928 3385 2036 3501 ηὀἲ
2059 3400 2136 3478 τ’
2166 3398 2515 3499 ἠέλιόντε.

785 3558 904 3631 καὶ
933 3557 1319 3654 Σοφοκλῆς
1343 3562 1422 3631 ἐν
1456 3554 1803 3631 Οἰδίποδι
1832 3552 2165 3655 τυράννῳ
2218 3548 2320 3649 (ν.
2353 3524 2564 3649 8Ί3.)
2588 3583 2605 3600 ·

987 3708 1198 3808 ὕβρις
1225 3714 1291 3784 εἰ
1321 3710 1605 3785 πολλῶν
1640 3705 2140 3809 ὕπερπλησθῇ.

786 3863 833 3940 o‘
860 3859 1085 3947 αὐτός
1134 3864 1349 3957 (Oed.
1389 3864 1544 3941 Col.
1575 3861 1872 3960 1442.)-

1451 4016 1887 4104 δυςτοῖλαινα
1928 4017 2104 4121 τᾶρ’
2133 4016 2271 4116 ἐγώ
2284 4076 2312 4110 ,

994 4125 1069 4196 εἴ
1091 4149 1223 4195 σου
1259 4124 1615 4223 στερηθῶ.

793 4228 1156 4324 Κρατῖνος
1185 4224 1565 4301 Γείτοσιν·

992 4331 1063 4404 εἰ
1085 4322 1310 4427 σοφός
1336 4323 1401 4425 ᾗ.
1491 4423 1504 4428 -

784 4482 1136 4580 Ξενοφῶν
1185 4482 1541 4567 Παιδείας
1591 4484 1744 4576 (ΙΙΙ.
1776 4483 1849 4570 3,
1901 4481 2059 4575 59.)
2087 4509 2103 4527 ·
2162 4486 2232 4558 εἰ
2266 4479 2376 4582 μή
2420 4478 2756 4583 πρόσθεν
2799 4481 3009 4581 ἠσκη-
