3259 5275
568 485 674 548 ot:
716 483 1390 548 mscssmlomssvs
1433 485 1890 563 QvfflvsnAu
1931 490 2281 557 GRAECIS.
2413 497 2545 565 m

304 676 635 761 sumu-et,
682 675 1019 767 siquidem
1068 699 1295 768 neque
1347 675 1693 748 Hesselius
1743 680 2115 772 quidquam
2163 683 2254 753 de
2297 686 2537 758 lacuna

309 779 515 867 dixit,
586 802 810 870 neque
862 780 933 849 in
982 780 1252 873 pictura
1312 781 1525 852 ullum
1580 783 1850 852 deletae
1902 785 2277 877 scripturae
2328 791 2534 860 vesti·

309 884 506 976 gium
568 884 882 953 cernitur.
1005 884 1190 970 Quin
1255 886 1310 954 si
1374 886 1540 976 qnid
1607 887 1728 956 illo
1796 888 1867 957 in
1935 890 2146 958 htere
2214 893 2538 987 scriptum

304 987 581 1077 fnisset,
652 987 807 1079 plus
870 988 1067 1080 spatii
1134 1000 1274 1078 est,
1357 1009 1564 1079 quam
1613 999 1691 1059 nt
1739 1012 1879 1059 non
1928 992 2143 1061 multo
2192 996 2408 1064 maior
2467 1008 2538 1066 et

304 1091 565 1182 plures,
616 1113 824 1180 quam
873 1091 1093 1160 visum
1144 1102 1250 1163 est
1290 1093 1682 1181 Welckero,
1733 1118 1965 1165 versus
2019 1099 2377 1191 complexa
2428 1102 2534 1169 la—

309 1216 489 1262 cuna
558 1203 736 1264 esset
797 1195 1140 1267 sumenda.
1239 1196 1349 1265 Ex
1414 1219 1553 1287 quo
1620 1200 2051 1290 consequitur
2098 1201 2372 1272 lacunas
2423 1215 2532 1273 te·-

305 1320 499 1367 mere
549 1321 593 1366 a
641 1296 1007 1368 Welckero
1058 1321 1208 1369 esse
1259 1301 1602 1370 confictas.

516 1400 716 1487 Quae
766 1402 1137 1490 retulimus,
1198 1403 1399 1472 etiam
1449 1405 1649 1473 aliam
1691 1404 1785 1473 ob
1839 1427 2144 1474 caussam
2186 1429 2528 1477 memora-

304 1504 470 1574 bilia
523 1513 699 1578 sunt.
801 1506 981 1574 Nam
1037 1506 1384 1576 Hesselius
1437 1531 1648 1597 quum
1703 1509 2172 1601 inscriptiones
2235 1533 2371 1581 non
2438 1514 2529 1581 ab

302 1627 447 1676 una
495 1607 875 1699 eademque
924 1631 1129 1678 manu
1165 1611 1449 1704 scriptas
1501 1611 1716 1680 videri
1749 1611 1934 1702 dixit,
1995 1635 2132 1681 non
2171 1635 2348 1706 opus
2398 1615 2527 1683 ha·-

304 1712 455 1781 buit
494 1711 868 1804 quidquam
918 1713 1195 1800 addere,
1247 1715 1568 1805 quoniam
1607 1716 1825 1809 pictas
1877 1737 2013 1802 eas,
2064 1724 2140 1785 ut
2176 1717 2248 1785 in
2293 1718 2526 1811 lapide

303 1824 493 1903 sunt,
546 1815 773 1885 dabat.
875 1816 990 1886 Ad
1030 1817 1228 1907 quod
1278 1819 1334 1887 si
1381 1818 1786 1889 Welckerus
1836 1819 2209 1910 respondet
2258 1820 2356 1891 de
2403 1822 2524 1890 de·-

303 1941 530 1989 versa
577 1942 808 1991 mmm
858 1920 1146 1991 omnino
1198 1920 1484 2008 dubito,
1544 1923 1772 2016 primo
1823 1922 2040 1992 lector
2086 1924 2300 1993 nescit
2357 1925 2524 2015 quid

302 2022 445 2091 hoc
495 2024 582 2092 sit
595 2075 616 2112 ‚
698 2025 857 2115 quia
904 2046 1129 2115 neque
1180 2025 1534 2115 quomodo
1585 2036 1983 2118 comparata
2037 2027 2123 2094 sit
2172 2029 2521 2119 scriptura,

302 2148 528 2217 neque
577 2126 697 2196 ubi
745 2129 934 2220 prior
981 2150 1220 2200 manus
1271 2128 1574 2218 desierit,
1628 2131 1842 2199 altera
1902 2138 2128 2198 autem
2189 2131 2524 2224 inceperit

302 2230 649 2317 scribere,-
668 2231 939 2324 accipit.
1007 2232 1275 2302 Deinde
1326 2254 1492 2302 vero
1535 2234 1739 2302 etiam
1782 2254 2062 2325 prorsus
2105 2233 2245 2302 sine
2292 2255 2523 2303 caussa

300 2333 405 2402 sic
436 2336 904 2426 pronunciavit
941 2334 1355 2408 Welckerus.
1435 2337 1633 2407 Patet
1669 2338 1848 2406 enim
1891 2337 2294 2429 scripturam
2329 2338 2520 2431 apud

301 2436 690 2507 Hesselium
727 2437 1195 2528 consideranti,
1245 2461 1678 2531 nequaquam
1719 2441 1909 2510 illum
1952 2448 2209 2510 temere
2253 2439 2342 2510 de
2384 2441 2522 2509 du-

301 2540 469 2635 plici
518 2563 720 2610 manu
773 2543 1124 2637 cogitasse.
1227 2543 1409 2613 Nam
1458 2545 1793 2613 sinistrum
1843 2546 2040 2634 latus,
2090 2544 2161 2612 in
2211 2567 2348 2635 quo
2392 2544 2520 2614 tria

258 2646 534 2739 ‘priora
583 2644 870 2716 disticha
921 2657 1110 2735 sunt,
1181 2648 1438 2739 ubique
1495 2647 1805 2717 rotundis
1868 2647 2181 2717 ductibus
2229 2649 2520 2743 praebet

300 2751 416 2837 E,
473 2751 574 2838 Θ,
632 2755 736 2833 Ο,
785 2755 901 2839 Σ,
953 2773 1084 2820 nec
1138 2751 1267 2820 nisi
1316 2761 1422 2820 ter
1464 2755 1540 2825 Ε
1588 2752 1812 2820 forma
1861 2751 2229 2841 quadrata,
2311 2754 2521 2821 semel

301 2874 505 2921 versu
562 2854 762 2922 tertio
814 2852 1119 2942 decimo,
1204 2855 1363 2946 quia
1400 2856 1570 2930 ME
1635 2855 1975 2925 communi
2038 2855 2214 2924 linea
2264 2855 2519 2925 cohae-

298 2965 489 3038 rent3
555 2954 803 3025 deinde
853 2956 921 3025 in
973 2957 1202 3026 litteris
1256 2980 1433 3048 quae
1483 2980 1614 3050 pro
1671 2957 1890 3027 dubiis
1939 2956 2274 3027 habentur
2323 2981 2519 3028 versu

300 3068 494 3128 sexto
522 3057 788 3127 decimo
815 3069 883 3128 et
921 3057 1508 3143 duodevice-imm
1557 3066 1625 3135 Ο
1651 3062 1871 3130 littera
1912 3069 2138 3130 autem
2168 3061 2294 3147 bis,
2321 3084 2516 3131 versu

302 3162 595 3256 septimo
612 3212 635 3248 ,
715 3172 786 3231 et
832 3162 1004 3232 inter
1058 3164 1310 3233 litteras
1363 3163 1604 3233 dubias
1655 3185 1856 3233 versu
1905 3164 2198 3256 septimo
2251 3163 2518 3233 decimo

301 3265 633 3356 quadrata
684 3276 820 3355 est,
874 3275 1058 3336 stans
1108 3265 1178 3335 in
1217 3268 1510 3360 angulo;
1566 3270 1633 3342 Θ
1674 3275 1744 3336 et
1778 3273 1860 3342 Σ
1900 3289 2067 3336 vero
2120 3265 2517 3356 quadratam

301 3370 595 3438 formam
661 3392 993 3460 nusquam
1056 3369 1330 3439 habeut.
1432 3370 1529 3439 At
1581 3372 1655 3443 in
1719 3370 1933 3439 altero
1992 3369 2201 3438 latere
2270 3369 2513 3463 lapidis

298 3473 467 3543 istae
511 3482 827 3562 quattuor
862 3474 1120 3542 litterae
1153 3496 1390 3542 omnes
1433 3473 1690 3564 ubique
1728 3473 1984 3542 habent
2015 3473 2304 3541 formam
2343 3496 2516 3564 qua·

303 3576 588 3663 dratam,
639 3598 765 3645 nec
814 3576 937 3645 nisi
986 3576 1093 3646 bis
1142 3576 1471 3645 invenitur
1516 3580 1584 3649 Ο
1620 3574 2008 3665 rotundum,
2061 3575 2271 3645 semel
2319 3599 2516 3646 versu

302 3680 606 3765 decimo,
676 3689 745 3748 et
812 3680 1140 3749 minutum
1210 3702 1411 3748 versu
1460 3680 1771 3772 septimo.
1862 3680 2082 3749 Porro
2133 3679 2205 3747 in
2255 3678 2518 3749 sinistro

299 3783 515 3852 latere
582 3782 687 3852 bis
751 3794 1009 3852 tantum
1077 3782 1256 3852 duae
1307 3783 1567 3852 litterae
1618 3785 1957 3853 communi
2008 3783 2183 3851 linea
2231 3782 2517 3868 iunctae,

297 3908 503 3955 versu
548 3887 746 3955 tertio
798 3886 1065 3955 decimo
1083 3934 1104 3973 ,
1158 3880 1442 3977 quarum
1499 3909 1708 3980 supra
1757 3886 2166 3956 mentionem
2217 3886 2520 3974 fecimus,

298 3990 509 4072 ME,
575 3999 646 4058 et
694 3990 763 4059 in
812 3990 1037 4112 primo
1086 4012 1288 4059 versu
1338 3990 1516 4063 NA.
1615 3990 1698 4059 ln
1741 3988 1979 4060 dextro
2031 3998 2257 4058 autem
2310 3988 2521 4058 latere

299 4092 556 4185 septies
607 4102 677 4161 et
725 4093 925 4162 vicies
978 4092 1154 4163 duae
1203 4093 1341 4161 isto
1374 4090 1586 4161 modo
1627 4094 1892 4163 litterae
1928 4093 2287 4187 copulatae
2333 4103 2520 4176 sunt3

297 4196 517 4264 sexies
570 4204 840 4280 ternae3
892 4196 1103 4266 semel
1154 4195 1331 4266 adeo
1381 4200 1769 4288 quaternae.
1837 4197 2194 4267 Postremo
2246 4197 2314 4265 in
2356 4195 2518 4265 sini-

300 4308 443 4368 stro
469 4299 686 4368 latere
735 4300 905 4368 fines
957 4308 1327 4369 metrorum
1350 4308 1608 4393 puncto
1661 4309 1995 4390 notantur,
2047 4310 2521 4393 praeterquam

298 4424 504 4471 versu
556 4403 870 4523 septimo,
920 4404 991 4472 in
1040 4425 1180 4493 quo
1235 4424 1512 4472 curvum
1564 4425 1832 4472 comma
1883 4411 2008 4489 est,
2059 4401 2247 4523 quod
2290 4400 2518 4470 nescio

299 4528 384 4574 an
443 4506 656 4574 errori
706 4506 1141 4577 tribuendum
1183 4509 1285 4594 sit,
1339 4529 1557 4597 aeque
1606 4515 1684 4576 ut
1720 4516 2037 4575 accentus
2079 4506 2149 4573 in
2204 4508 2272 4577 Ο
2322 4525 2521 4572 versu

1976 4606 2109 4677 V*
