3259 5275
1028 473 1203 535 Lm.
1252 473 1352 535 111.
1419 473 1637 534 -GAR
1676 478 1739 539 4.
2368 478 2491 542 151

281 663 513 738 habet.
619 662 800 732 Nam
831 660 928 731 uti
968 661 1132 732 dixit
1168 660 1216 735 5
1245 689 1324 735 τι
1368 656 1800 758 χρήσαιντο,
1852 663 2014 752 quia
2050 686 2126 733 re
2170 664 2240 732 in
2286 687 2492 758 prae-

277 791 429 837 sens
464 776 739 858 tempus
779 765 1102 835 translata
1145 764 1506 836 dicendum
1543 774 1687 835 erat
1735 761 1924 847 ὅπως
1956 760 2493 859 βουλεύσωνται

275 868 322 944 5
353 898 432 943 τι
482 863 928 993 χρήσωνται,
980 870 1072 938 ita
1107 869 1370 962 scripsit
1412 866 1535 942 ὅτι
1566 868 1658 941 ἄν
1697 866 1976 991 δοκοίη.
2032 870 2190 959 quia
2234 870 2308 939 id
2350 881 2494 940 erat

273 970 467 1055 ὅπως
493 966 904 1065 σύμβουλος
949 972 1247 1069 γένηται
1292 969 1411 1045 ὅτι
1451 997 1545 1044 αν
1585 970 1761 1094 δοκῇ
1789 963 2163 1067 πράττειν.
2218 973 2368 1045 vll.
2419 973 2492 1062 5,

270 1074 395 1145 49.
454 1067 916 1199 ἐλογιζόμην,
997 1078 1069 1148 εἰ
1111 1073 1351 1147 ταῦτα
1404 1067 1806 1168 προθύμως
1855 1100 1976 1146 σοι
2028 1069 2492 1169 συλλάβοιμι,

270 1207 361 1259 ως
414 1172 676 1259 οἰκεῖός
725 1180 813 1251 τέ
873 1203 989 1250 σοι
1034 1175 1346 1303 ἐσοίμην
1407 1203 1526 1248 και
1590 1170 1910 1259 ἐξέσοιτό
1971 1201 2105 1268 μοι
2172 1182 2492 1273 διαλέγε-

272 1280 463 1355 σθαί
512 1304 631 1354 σοι
684 1272 958 1354 ὁπόσον
1011 1309 1104 1353 αν
1155 1304 1422 1373 χρονον
1470 1276 1894 1377 βουλοίμην.
1947 1279 2127 1353 vm.
2176 1279 2250 1373 3,
2295 1281 2418 1353 48.
2449 1282 2493 1358 ὃ

271 1381 341 1459 δ’
393 1379 497 1457 αὖ
539 1377 856 1475 ἐνόμιζε
857 1375 1417 1506 μακαριώτατος
1462 1378 1679 1458 εἶναι,
1717 1378 1837 1453 ὅτι
1871 1381 2267 1475 ἐπίτροπον
2315 1390 2490 1474 ἕξοι,

271 1480 540 1580 σχολην
609 1487 1025 1580 παρέχοντα
1092 1511 1448 1579 πραττειν
1502 1481 1548 1556 5
1596 1512 1676 1557 τι
1741 1512 1832 1556 αν
1886 1480 2090 1580 αὐτῷ
2156 1481 2295 1583 η’δύ
2359 1490 2486 1585 εἴη.

269 1586 467 1660 Sed
449 1611 518 1658 m
557 1589 807 1658 eodem
848 1588 1070 1681 capite
1100 1582 1174 1682 ὃ.
1210 1586 1330 1657 38.
1373 1585 1565 1677 quod
1593 1587 1843 1679 legitur
1865 1586 1956 1655 de
2003 1590 2268 1680 agello·
2322 1587 2368 1664 ὅ
2411 1618 2491 1662 τι

265 1718 460 1815 γαρ
481 1691 574 1766 ἂν
638 1685 855 1785 λάβοι
914 1691 1236 1815 σπέρμα,
1331 1690 1555 1771 καλως
1614 1690 1740 1763 καὶ
1809 1689 2094 1771 δικαίως
2144 1688 2490 1766 οἷπεδίδου

266 1787 460 1869 αὐτό
511 1821 594 1869 τε
660 1794 782 1867 καί
840 1787 1061 1867 τόκον
1127 1789 1340 1868 οὐδέν
1396 1821 1476 1867 τι
1539 1787 1800 1866 πολύν·
1875 1793 1945 1861 in
1991 1816 2075 1862 eo
2117 1796 2490 1864 tollendum

264 1896 384 1972 ἄν.
490 1899 654 1966 Non
685 1906 790 1967 est
832 1896 1009 1965 enim
1040 1895 1112 1964 id
1150 1919 1237 1966 ex
1267 1893 1313 1970 5
1335 1925 1413 1970 τι
1448 1895 1540 1968 ἄν
1568 1890 1778 1993 λάβῃ,
1830 1896 1953 1965 sed
1978 1919 2063 1965 ex
2093 1895 2139 1970 5
2162 1926 2238 1971 τι
2274 1900 2489 1992 ἔλαβε

262 2003 334 2070 ἰιι
377 2002 756 2093 optativum
798 2022 1214 2069 conversum.
1317 1999 1592 2069 Addam
1623 2000 1754 2069 alia
1796 2000 2125 2091 optativi
2104 2025 2172 2069 ιιι
2215 2001 2491 2093 obliqua

262 2106 569 2174 oratione
598 2128 730 2197 pro
773 2104 1194 2173 coniunctivo
1221 2103 1427 2196 positi
1456 2103 1786 2195 exempla.
1894 2101 2072 2172 Cum
2098 2102 2145 2177 5
2169 2101 2286 2195 ἄν,
2335 2105 2488 2174 He-

261 2208 489 2278 rodoti
536 2208 587 2277 1.
644 2206 819 2282 119.
883 2205 1233 2277 Demosth.
1287 2228 1363 2298 p.
1407 2204 1583 2293 518,
1642 2203 1759 2277 13.
1825 2204 1951 2274 sed
1996 2217 2288 2297 utroque
2330 2207 2486 2277 loco

261 2312 370 2380 alii
405 2312 561 2381 libri
590 2312 1083 2381 coniunctivum
1126 2311 1477 2403 praebent.
1584 2307 1762 2379 Cum
1807 2306 1854 2381 5
1901 2335 1978 2382 τι
2013 2308 2106 2387 ἂν
2133 2309 2396 2385 Herod.
2427 2311 2483 2384 1.

265 2414 439 2484 119.
469 2424 543 2485 et
576 2437 735 2484 cum
777 2413 959 2495 ὅσως
994 2413 1087 2487 ἄν
1115 2413 1233 2483 vl.
1286 2412 1409 2481 44.
1463 2435 1619 2480 cum
1652 2410 1742 2494 οἷς
1786 2410 1878 2485 ἂν
1914 2411 2355 2506 simulatque
2399 2416 2485 2483 si-

258 2518 626 2615 gnificante
666 2519 717 2588 Ι.
764 2516 889 2590 96.
930 2517 1211 2609 Epicur.
1260 2517 1452 2610 epist.
1480 2539 1557 2608 p.
1598 2514 1721 2590 21.
1749 2509 1823 2610 §.w
1850 2513 1974 2589 44.
2010 2516 2120 2590 ed.
2156 2517 2481 2592 Schneid.

260 2647 420 2692 cum
451 2620 623 2718 πρίν
649 2621 743 2695 ἂν
774 2619 1097 2713 Xenoph.
1135 2621 1316 2693 Hell.
1348 2620 1438 2693 11.
1470 2618 1542 2705 3,
1581 2617 1706 2694 48.
1760 2617 1835 2705 4,
1868 2616 1988 2689 18.

464 2727 780 2818 Apparet
831 2748 916 2794 ex
970 2725 1076 2793 his
1093 2778 1112 2814 ,
1177 2723 1708 2817 reprehensione
1756 2745 2047 2792 vacuum
2100 2747 2246 2793 esse
2288 2746 2481 2794 usum

257 2829 542 2923 optativi
575 2852 706 2922 pro
750 2828 1170 2898 coniunctivo
1186 2878 1207 2916 ‚
1256 2828 1571 2897 adiuncta
1609 2826 1940 2921 particula
1982 2825 2097 2899 ἂν.
2196 2827 2306 2896 Ex
2344 2852 2483 2919 quo

258 2933 488 3025 colligi
528 2941 787 3026 potest,
841 2931 1153 3001 eamdem
1183 2931 1384 3000 etiam
1409 2933 1889 3025 particularum
1928 2927 2019 3010 ὥς
2046 2928 2139 3002 ἂν
2185 2938 2256 2999 et
2294 2928 2484 3013 ὅπως

258 3036 348 3110 ἄν
385 3036 722 3105 rationem
766 3058 934 3108 esse.
1037 3035 1267 3126 Atque
1312 3035 1499 3128 apud
1548 3036 1777 3127 epicos
1817 3032 2095 3123 quidem
2141 3042 2212 3101 et
2250 3033 2481 3103 Hero-

257 3139 499 3209 dotum
525 3139 661 3209 hae
696 3139 1073 3232 particulae
1115 3138 1380 3233 saepius
1407 3139 1726 3229 obliquae
1755 3135 2069 3205 orationis
2105 3138 2481 3229 optativum

255 3267 384 3337 pro
418 3243 846 3313 coniunctivo
880 3241 1221 3312 adiectum
1257 3241 1534 3314 habent.
1643 3238 1899 3332 odyss,
1935 3247 2011 3312 θ.
2048 3236 2167 3308 20.

352 3379 488 3454 καί
532 3407 669 3474 μιν
720 3373 1181 3504 μακρότερον
1233 3377 1353 3451 καὶ
1405 3371 1739 3450 πάσσονα
1791 3374 2016 3473 θῆκεν
2070 3376 2386 3465 ἰδέσθαι,

355 3510 451 3566 ως
500 3510 624 3558 κεν
677 3477 1074 3580 Φαιήκεσσι
1127 3479 1334 3579 φίλος
1383 3472 1735 3554 πάντεσσι
1777 3481 2089 3574 γένοιτο.

260 3633 530 3732 ρ.362.

354 3784 679 3887 ὤτρυν’,
733 3785 824 3872 αῖς
873 3786 966 3862 ἂν
1016 3781 1259 3886 πόρνα
1300 3779 1495 3860 κατοί
1540 3784 1959 3884 μνηστῆρας
2015 3778 2316 3881 α’γείροι.

260 3925 483 4021 Magis
513 3935 592 3995 ut
607 3946 832 4021 posse
853 3924 1303 4019 significetur,
1352 3951 1429 3996 ω.
1458 3921 1580 3992 80.

359 4060 558 4159 οἱμφ
610 4059 904 4137 αὐτοῖσι
946 4059 1015 4137 δ’
1069 4062 1325 4137 ἔπειτα
1363 4060 1598 4155 μέγαν
1631 4088 1752 4133 και
1788 4053 2135 4152 ἀμύμονα
2182 4052 2472 4152 τύμβον

360 4161 674 4262 χεύαμεν
721 4161 1083 4290 Ἀργείων
1125 4157 1315 4262 ἱερός
1367 4189 1681 4262 στρατος
1731 4154 2156 4286 αἰχμητάων

359 4270 544 4368 οἰκτῇ
593 4266 712 4344 ἐπὶ
757 4261 1174 4390 προὺχοῦση
1188 4321 1217 4357 ,
1268 4263 1384 4341 ἐπὶ
1435 4272 1703 4341 πλατεῖ
1741 4258 2267 4389 Ελληςπόντῳ,

363 4399 451 4453 ως
499 4400 621 4447 κεν
672 4365 1071 4496 τηλεφανῆς
1121 4376 1197 4445 ἐκ
1247 4363 1611 4470 ποντόφιν
1662 4362 2013 4463 ἀνδράσιν
2066 4368 2175 4463 εἴη

363 4482 510 4559 τοῖς
562 4481 644 4550 οἳ
686 4474 816 4552 νῦν
868 4468 1208 4571 γεγάασι,
1260 4501 1381 4548 και
1428 4478 1513 4548 οἳ
1554 4466 2009 4565 μετόπισθεν
2061 4471 2375 4543 ἔσονται.
