3259 5275
979 521 1150 583 LlB.
1194 520 1273 585 11.
1325 462 1553 584 'CAR
1606 525 1669 589 0.
1724 522 1787 586 7.
2418 527 2529 591 95.

269 713 429 782 dum
475 710 645 804 quid
681 711 821 780 flat.
924 710 1036 782 Ex
1073 735 1213 803 quo
1260 712 1658 806 intelligitur
1672 762 1693 799 ,
1760 734 2118 784 commune
2156 716 2505 808 utriusque

265 817 532 912 generis
578 814 717 884 hoc
775 838 921 884 esse
941 865 962 902 ,
1032 815 1222 906 quod
1269 816 1726 886 conditionem
1786 818 2083 907 aliquam
2131 820 2505 906 continent3

265 920 547 989 differre
594 929 821 987 autem
861 920 1039 988 inter
1080 944 1154 990 se
1202 943 1287 990 eo
1308 972 1328 1009 ,
1382 921 1570 1010 quod
1614 921 2109 992 conditionales.
2140 926 2506 994 sententiae

264 1024 724 1092 conditionem
756 1047 797 1090 a
828 1023 1046 1110 facto,
1101 1023 1289 1115 quod
1327 1046 1810 1119 praegressum
1843 1027 1961 1114 sit,
2015 1024 2249 1096 final'es
2279 1038 2507 1098 autem

260 1128 347 1196 ab
401 1136 650 1196 eventu
669 1178 689 1213 ,
743 1129 861 1218 qui
898 1128 981 1196 sit
1024 1138 1591 1219 consequuturus,
1643 1138 1983 1220 repetunt.
2088 1131 2196 1199 Ita
2230 1141 2506 1211 senten-

259 1234 349 1300 tia
392 1231 859 1300 conditionalis
903 1240 1043 1315 est,
1106 1233 1310 1315 λέξω,
1368 1230 1458 1314 οἷς
1501 1233 1703 1317 εἰδῶ,
1759 1232 2048 1324 dicam,
2100 1244 2183 1306 ut
2221 1236 2508 1306 sciero:

259 1357 673 1428 praegressa
705 1336 882 1404 enim
912 1335 1186 1403 scientia
1216 1335 1302 1403 sit
1332 1359 1608 1405 necesse
1641 1344 1777 1420 est,
1829 1346 1905 1406 ut
1934 1361 2168 1406 caussa
2195 1336 2504 1425 dicendi3

233 1438 479 1534 ‚finalis
512 1446 772 1527 autem,
824 1439 1029 1521 λέξω,
1087 1436 1176 1520 ὥς
1208 1439 1438 1534 εἰδῇς,
1496 1441 1770 1527 dicam,
1821 1449 1905 1510 ut
1929 1441 2169 1512 scias.-
2222 1466 2361 1535 quo
2392 1445 2501 1514 ef-

256 1541 421 1611 fecti
454 1542 777 1634 cogitatio
808 1564 937 1635 pro
978 1565 1215 1610 caussa
1245 1542 1518 1612 dicendi
1545 1568 1688 1613 esse
1728 1544 2161 1636 significatur.

469 1645 619 1714 Iam
656 1646 843 1737 quod
876 1646 963 1714 ad
1001 1647 1402 1738 particulam
1435 1645 1525 1719 ἂν
1571 1648 1841 1734 attinet,
1888 1650 2030 1717 eius
2066 1650 2135 1717 in
2170 1648 2505 1745 conditio-

255 1749 528 1819 nalibus
571 1751 908 1819 sententiis
953 1750 1343 1841 planissima
1394 1752 1565 1820 ratio
1624 1760 1745 1821 est.
1842 1751 2069 1823 'Abest
2109 1754 2322 1840 enim,
2386 1755 2506 1822 ubi

258 1854 662 1947 simpliciter
691 1854 982 1923 conditio
1004 1854 1357 1939 indicatur,
1398 1877 1534 1945 qua
1558 1855 1727 1946 quid
1753 1856 1905 1939 fiat3
1957 1855 2232 1926 additur
2257 1865 2506 1948 autem,

255 1957 375 2026 ubi
418 1979 578 2025 eam
614 1957 1066 2026 conditionem
1103 1958 1427 2026 incertam
1466 1982 1614 2028 esse
1652 1968 1859 2049 atque
1888 1983 1928 2028 e
1972 1959 2175 2029 rebus
2216 1961 2505 2030 fortuitis

255 2060 574 2153 pendere
628 2061 975 2130 innuimus.
1080 2060 1328 2130 Similis
1370 2085 1526 2131 usus
1576 2070 1679 2132 est
1740 2062 2110 2154 particulae
2167 2064 2364 2133 huius
2433 2066 2508 2134 in

258 2163 612 2233 sententiis
645 2165 976 2238 finalibus.
1083 2165 1319 2251 Quum
1357 2166 1539 2233 enim
1578 2174 1839 2235 certum
1875 2165 2249 2235 indicamus
2279 2167 2507 2256 finem,

259 2270 630 2352 omittitur3
682 2292 891 2358 quum
935 2278 1160 2338 autem
1198 2277 1511 2338 eventum
1543 2272 1751 2339 rebus
1796 2270 2081 2339 fortuitis
2119 2271 2507 2357 obnoxium,

258 2371 597 2440 adiicitur.
701 2372 844 2442 Sed
886 2374 955 2441 in
995 2372 1130 2442 hoc
1175 2372 1452 2464 quidem
1492 2397 1748 2467 genere
1796 2373 2148 2467 singularis
2190 2375 2362 2444 ratio
2407 2385 2510 2445 est

257 2475 640 2569 particulae
685 2483 805 2552 ἵνα
820 2525 842 2563 ,
895 2499 1100 2568 quam
1146 2476 1543 2571 adspernari
1571 2476 1665 2551 ἄν
1699 2478 1772 2546 in
1810 2479 2134 2547 sententia
2174 2479 2364 2548 finali
2404 2480 2511 2550 vi·-

261 2580 601 2652 debimuS.

474 2681 776 2751 Omnino
808 2691 1032 2752 autem
1060 2684 1237 2752 bene
1264 2682 1633 2752 tenendum
1674 2693 1807 2772 est,
1861 2682 1917 2753 si
1946 2685 2298 2778 epicorum
2324 2694 2509 2756 vete·

259 2810 412 2856 rum
454 2810 842 2856 sermonem
881 2788 1175 2880 excipias
1192 2836 1213 2872 ,
1270 2786 1362 2860 ἄν
1402 2811 1738 2879 nusquam
1772 2790 1865 2857 ita
1904 2788 2185 2883 adiungi
2228 2792 2510 2859 coniun-

263 2885 480 2975 c'tivo,
535 2899 613 2958 ut
654 2913 815 2960 vere
859 2902 1316 2960 constructum
1355 2915 1511 2960 cum
1546 2914 1631 2961 eo
1680 2892 2040 2962 existimari
2083 2895 2337 2987 possit,
2387 2892 2511 2963 sed

261 2996 460 3064 unice
512 2995 853 3088 pertinere
899 2994 990 3062 ad
1035 2995 1531 3065 coniunctiones
1574 2996 1759 3084 illas,
1830 3018 1915 3065 ex
1960 2996 2206 3086 quibus
2252 2997 2510 3090 pendet

265 3099 760 3189 coniunctivus,
810 3098 901 3168 de
924 3121 1062 3190 qua
1087 3122 1163 3169 re
1204 3099 1458 3168 dictum
1490 3109 1592 3169 est
1618 3101 1736 3170 lib.
1768 3099 1821 3170 Ι.
1849 3123 2001 3194 cap.
2034 3099 2107 3168 4.

1301 3373 1455 3449 vll.

271 3527 406 3600 De
472 3552 649 3600 asa
698 3528 1269 3623 particulae
1335 3529 1444 3605 ἄν
1501 3519 1709 3600 cam'
1756 3527 2367 3601 coniunctivo
2419 3529 2506 3600 in

267 3649 771 3722 sententiis
825 3649 1660 3738 conditionalibus,
1723 3658 1809 3721 et
1844 3649 2254 3745 primum
2307 3652 2509 3746 qui-

547 3772 749 3841 dem
799 3772 911 3842 de
960 3773 1045 3845 se’
1090 3781 1179 3843 et
1230 3769 1331 3863 ἢν
1383 3794 1579 3842 cum
1633 3771 2245 3846 coniunctivo.

475 3923 816 4012 Diximus,
870 3927 1369 3997 coniunctivum
1401 3926 1540 3996 sine
1564 3927 1899 4020 particula
1929 3924 2022 4000 ἂν
2053 3926 2218 4020 poni
2255 3925 2322 3994 in
2349 3948 2510 3994 sen-
2630 3983 2631 3986 η

267 4028 492 4097 tentiis
520 4029 1104 4117 conditionalibus,
1154 4031 1276 4100 ubi
1299 4031 1467 4101 nihil
1493 4032 1614 4100 nisi
1644 4030 2117 4123 conditio-ipsa
2145 4028 2509 4114 indicetur3

271 4131 432 4200 addi
477 4141 705 4201 autem
750 4131 864 4208 ἄν
855 4189 885 4224 ,
951 4134 1071 4206 ubi
1108 4135 1409 4205 conditio
1448 4134 1752 4228 pendeat
1797 4158 1882 4204 ex
1935 4135 2138 4205 rebus
2201 4133 2510 4205 fortuitis.

271 4235 374 4303 Ac
404 4238 751 4328 permulta
799 4247 951 4308 sunt
976 4239 1315 4311 vocabula
1329 4288 1352 4325 ,
1403 4262 1582 4332 quae
1623 4237 1997 4309 conditioni
2023 4237 2511 4332 significandae

270 4336 654 4428 inserviunt,
683 4339 907 4434 primo
925 4343 1259 4435 particula
1291 4344 1576 4436 proprie
1612 4342 2095 4430 conditionalis,
2131 4344 2217 4427 εἰ,
2261 4340 2510 4409 deinde

274 4440 424 4511 illae
467 4443 712 4533 quibus
769 4446 1092 4540 temporis
1140 4447 1363 4519 locive
1419 4448 1821 4542 significatio
1880 4447 2195 4516 adiuncta
2235 4453 2366 4534 est,
2435 4451 2512 4511 ut

275 4544 468 4636 ἐπεὶ,
525 4543 696 4637 ὅτε,
751 4541 1019 4643 ὁπότε,
1088 4577 1287 4638 svn,
1353 4549 1561 4649 πρίν,
1631 4555 1801 4642 ἕως,
1854 4550 2084 4636 ἔνθα,
2139 4553 2297 4635 ἵνα,
2351 4543 2512 4628 ὅθι,
