3259 5275
743 484 874 552 2⁸⁰
1474 480 1587 541 DE
1628 476 2220 543 Ancnmssnls

745 669 837 742 ad
887 693 1040 742 eam
1096 667 1569 761 explicandam
1628 669 1969 763 potuerint
2018 667 2408 738 nobilissimi
2470 666 2949 743 mathematici.

749 774 955 848 certe
983 771 1060 842 id
1091 773 1340 842 flustra
1376 774 1595 842 conati
1622 782 1776 844 sunt
1803 782 1871 842 et
1899 771 2066 843 Chr.
2097 773 2384 842 Leistius
2404 819 2425 857 ‚
2480 773 2665 842 wius
2697 771 2951 842 disser-

744 879 1069 949 tationem
1108 875 1301 945 dedit
1344 876 1731 969 Lessingius
1780 899 1854 969 p.
1916 875 2090 944 438.
2147 897 2337 966 seqq.
2392 884 2462 944 et
2514 876 2569 944 l.
2621 875 2952 945 Struvius.

748 980 1110 1052 Gaussium
1151 979 1427 1069 quidem
1441 1029 1463 1067 ‚
1525 980 1922 1072 primarium
1967 980 2039 1049 in
2081 978 2190 1048 his
2231 979 2459 1048 litteris
2503 981 2759 1066 virum,
2811 979 2955 1048 sol-

744 1084 919 1154 visse
963 1092 1182 1153 totum
1219 1084 1580 1176 problema
1625 1084 1715 1151 ab
1761 1082 2006 1152 eodem
2049 1083 2166 1152 illo
2217 1081 2637 1152 Mollweidio
2675 1083 2954 1175 accepit

745 1187 1173 1277 adissemque
1202 1186 1417 1255 virum
1447 1187 1982 1272 celeberrimum,
2029 1195 2107 1255 ut
2135 1208 2288 1257 eam
2311 1186 2639 1255 rationem
2663 1186 2777 1255 vel
2801 1208 2947 1255 me-

746 1313 904 1363 cum
944 1291 1475 1359 communicaret
1489 1341 1512 1379 ,
1575 1291 1687 1358 vel
1730 1290 2009 1382 publice
2054 1289 2290 1360 ederet
2303 1337 2325 1375 ‚
2381 1290 2504 1360 nisi
2552 1311 2958 1382 persuasum

743 1394 1070 1466 haberem
1084 1443 1106 1481 ‚
1157 1414 1297 1462 non
1333 1416 1485 1463 eam
1523 1393 1767 1462 iustam
1799 1394 2196 1462 solutionem
2227 1414 2393 1462 esse.
2500 1394 2734 1478 Quum
2774 1394 2957 1462 enim

742 1499 858 1570 llle
872 1549 894 1586 ‚
959 1506 1038 1566 ut
1075 1495 1417 1566 referebat
1454 1495 1911 1566 Mollweidius
1931 1546 1953 1582 ‚
2016 1497 2377 1589 problema
2418 1495 2620 1582 illud,
2682 1497 2779 1564 sic
2792 1546 2813 1584 ,
2880 1505 2958 1565 ut

745 1611 815 1674 et
843 1623 884 1669 a
911 1599 1273 1669 scholiasta
1312 1610 1382 1669 et
1419 1623 1464 1669 a
1507 1601 1788 1669 caeteris
1835 1598 2311 1692 interpretibus
2356 1601 2786 1669 constitutum
2829 1609 2954 1687 est,

742 1703 1162 1791 intellexerit,
1212 1703 1361 1772 fieri
1393 1726 1531 1774 non
1555 1712 1818 1796 potest,
1872 1705 2029 1793 quin
2044 1753 2066 1789 ‚
2117 1704 2172 1771 si
2210 1702 2383 1772 fals·
2414 1713 2516 1774 est
2544 1704 2953 1795 interpreta-

741 1808 838 1880 tio
872 1807 989 1876 illa
1007 1854 1029 1890 ‚
1081 1829 1218 1875 non
1259 1806 1792 1878 Archimedeum
1821 1806 1991 1874 illud
2031 1807 2390 1899 problema
2405 1857 2427 1893 ‚
2477 1807 2600 1876 sed
2644 1806 2828 1875 aliud
2864 1807 2952 1874 ab

741 1911 860 1982 lllo
913 1909 1251 1979 diversum
1288 1910 1579 1979 solverit.
1684 1910 1896 2001 Atqui
1949 1910 2044 1978 ita
2097 1932 2245 1979 esse
2258 1960 2279 1997 ‚
2329 1908 2570 1978 videor
2614 1909 2781 1977 mihi
2823 1909 2952 1979 de·

742 2021 1113 2085 monstrare
1153 2036 1392 2106 posset
1445 2012 1538 2082 ob
1570 2035 1875 2103 eamque
1915 2035 2218 2082 caussam
2261 2012 2395 2080 hac
2434 2012 2773 2110 scribendi
2815 2035 2953 2105 op·-

744 2116 1156 2212 portunitate
1208 2116 1533 2186 utendum
1573 2117 1808 2210 putavi
1821 2167 1842 2205 ,
1906 2126 1983 2185 ut
2027 2116 2452 2186 ostenderem
2466 2166 2488 2205 ‚
2557 2138 2736 2206 quae
2781 2117 2950 2185 ratio

694 2218 744 2290 5
765 2230 944 2291 esset
981 2220 1158 2290 illius
1174 2219 1633 2312 'problematis
1754 2223 1861 2290 Ac
1886 2221 2205 2308 fortasse,
2256 2221 2311 2289 si
2336 2220 2486 2309 quis
2522 2219 2953 2288 mathemati-

744 2345 861 2396 cus
901 2323 1118 2409 viam,
1171 2345 1308 2414 qua
1346 2323 1414 2392 in
1441 2322 1578 2393 hoc
1610 2345 1866 2416 genere
1891 2346 2050 2393 usus
2078 2332 2181 2391 est
2215 2322 2663 2392 Archimedes
2684 2370 2706 2409 ‚
2759 2324 2951 2392 inve·

742 2426 1125 2520 stigaverit‚
1169 2427 1741 2548 comprobabitur
1760 2475 1782 2513 ‚
1848 2425 2039 2517 quod
2098 2427 2189 2495 de
2225 2426 2343 2495 illo
2399 2427 2546 2494 viro
2599 2426 2953 2552 praedicat

1064 2625 1708 2653 DDDDDD

744 2732 1090 2832 ρίσταται
1130 2729 1303 2817 δόξα
1348 2736 1490 2813 τοῦ
1518 2734 1654 2809 κᾶν
1699 2730 1931 2810 αὖτὀν
1967 2733 2230 2861 οὐρεῖν.
2294 2732 2489 2809 οὕτω
2530 2735 2733 2809 λείαν
2775 2730 2954 2812 ὁδόν

745 2834 907 2928 ἄγει
959 2835 1079 2909 καὶ
1107 2844 1410 2929 ταχεῖαν
1460 2839 1574 2913 ἐπὶ
1610 2866 1701 2911 το
1748 2831 2236 2930 δεικνύμενον.
2340 2836 2729 2909 Videndum
2786 2861 2953 2909 vero

741 2950 896 3014 ante
949 2941 1173 3008 omnia
1215 2950 1397 3031 erat,
1451 2941 1616 3032 qnid
1658 2941 1913 3011 diceret
1952 2940 2437 3011 Archimedes.-
2500 2942 2723 3010 verbis
2775 2944 2953 3012 enim

740 3065 880 3114 non
916 3051 1101 3113 recte
1143 3045 1494 3115 intellectis
1543 3045 1660 3136 qui
1703 3054 1931 3138 potest
1972 3045 2062 3113 de
2102 3064 2206 3113 re
2218 3045 2441 3114 verbis
2477 3045 2603 3114 illis
2633 3066 2954 3138 compre-

742 3145 953 3217 hensa
1003 3157 1190 3216 recte
1233 3148 1513 3217 iudicari
1531 3149 1567 3217 ?
1642 3149 1905 3218 Illustre
1951 3147 2091 3216 hoc
2136 3168 2411 3240 quoque
2471 3147 2953 3218 documentum

747 3257 871 3334 est,
921 3270 1147 3318 rerum
1176 3253 1520 3322 scientiam
1546 3275 1631 3321 ex
1654 3252 2202 3344 interpretatione
2231 3252 2600 3325 verborum
2622 3251 2951 3345 pendere.

740 3351 1188 3445 Epigramma
1219 3356 1651 3427 emendatum
1693 3355 1859 3425 dare
1902 3356 2118 3425 visum
2157 3366 2295 3445 est,
2345 3355 2620 3426 adiectis
2663 3354 2951 3427 adnota-

740 3456 1054 3530 tionibus.

952 3604 1262 3708 Πληθύν
1310 3606 1646 3686 Ηελίοιο
1698 3613 1940 3708 βοῶν,
1994 3605 2053 3684 οἶ
2097 3615 2321 3700 ξεῖνε,
2372 3609 2776 3708 μέτρησον,

1029 3710 1393 3836 φροντίδ’
1446 3709 1878 3814 ἐπιστήσας,
1932 3716 2003 3789 εἰ
2046 3714 2372 3809 μετέχεις
2418 3712 2699 3838 σοφίης,

949 3808 1179 3914 πόσση
1217 3812 1343 3914 ἄρ
1376 3821 1453 3892 ἐν
1484 3822 1757 3901 πεδίοις
1798 3817 2103 3913 Σικελῆς
2131 3810 2307 3891 πότ
2350 3810 2692 3911 ἐβόσκετο
2726 3810 2949 3917 νήσου

1058 3918 1480 4040 Θρινακίης,
1530 3921 1850 4020 τετραχῇ
1891 3919 2166 4043 στίφεα
2219 3921 2634 4041 δασσαμένη
2659 3973 2681 4011 ,

846 4015 898 4089 5
949 4020 1199 4119 χροίην
1252 4018 1757 4115 ἅλλοίσσοντα,
1816 4052 1905 4099 το
1967 4023 2106 4117 μὲν
2160 4025 2438 4096 λευκοῖο
2491 4015 2869 4115 γάλακτος,

1054 4127 1326 4221 κυανέῳ
1382 4123 1455 4201 δ’
1509 4133 1762 4223 ἕτερον
1813 4153 2154 4250 χρωματι
2203 4121 2715 4220 λαμπόμενον·

949 4224 1125 4303 ἄλλο
1156 4255 1237 4321 γε
1267 4228 1406 4322 μὲν
1434 4225 1742 4314 ξανθόν,
1794 4224 1888 4305 τό
1934 4229 2010 4303 δὲ
2041 4226 2407 4302 ποικίλον·
2443 4233 2520 4303 ἐν
2564 4228 2641 4303 δὲ
2672 4221 2945 4326 ἑκάστῳ

1052 4332 1295 4426 στίφει
1348 4333 1521 4407 ἔσαν
1572 4335 1839 4432 ταῦροι
1885 4326 2200 4429 πλήθεσι
2249 4323 2746 4455 βριθόμενοι,

950 4432 1390 4534 συμμετρίης
1440 4437 1726 4533 τοιῆςδσ
1777 4433 2229 4528 τετευχότες·
2284 4427 2724 4532 ἄργότριχας
2752 4436 2887 4530 μὲν
