3259 5275
32 4462 35 4491 ι

32 4506 35 4555 Ι

1031 480 1206 545 LIB.
1254 481 1303 542 1.
1395 482 1582 544 cAP.
1612 471 1731 548 '18
2411 490 2494 556 ⁷1

286 699 421 772 μην
450 697 559 762 σε,
611 670 750 740 hoc
778 693 997 758 sensu,
1050 669 1118 741 εἰ
1142 693 1260 741 me
1293 669 1562 741 ίπίιινὶα
1592 669 1971 767 αῇῖοενεε,
2015 675 2349 770 punirem
2384 690 2495 751 te.-

286 776 432 863 sed,
483 771 740 844 etiamsi
767 776 935 844 velis
970 772 1061 843 ad
1093 797 1412 866 praesens
1437 782 1708 866 tempus
1739 776 1977 846 referri
1993 827 2015 864 ‚
2065 788 2293 850 tamen
2325 805 2494 873 pro-

278 880 447 972 prie
455 879 547 948 de
576 880 939 972 praeterito
971 878 1224 947 dietum
1260 879 1418 964 erit,
1470 877 1607 946 hoc
1633 879 1877 949 modo.
1901 878 2053 974 sac
2086 890 2157 952 te
2181 886 2412 954 11ιίὴὶ
2382 910 2495 957 m-

277 983 546 1052 int-iam
600 983 964 1052 intulisse.-
1036 990 1188 1052 tum
1231 980 1626 1076 puniebam
1681 992 1768 1053 te.
1876 984 2104 1070 Quam
2140 987 2497 1060 Elmsleius

275 1087 358 1155 ad
421 1083 685 1159 Bacch.
741 1083 914 1153 612.
969 1083 1195 1157 1311.
1244 1085 1418 1153 viam
1467 1085 1651 1169 iniit,
1705 1079 2106 1160 ἐλάνθανεν
2152 1100 2220 1158 et
2262 1093 2498 1162 similia

270 1212 398 1282 pro
434 1183 682 1285 λήσειν
715 1191 964 1281 ἔμελλε
1002 1189 1138 1257 dici
1164 1235 1187 1274 ‚
1238 1211 1459 1279 eoque
1489 1189 1864 1281 particulae
1902 1193 2327 1263 omissionem
2367 1197 2495 1267 de-

272 1292 457 1361 fendi
485 1304 671 1361 ratus
687 1340 709 1377 ,
756 1293 1039 1384 probari
1082 1314 1217 1360 non
1261 1299 1468 1385 posse
1514 1293 1744 1361 monui
1785 1292 1876 1361 ad
1919 1293 2137 1388 Soph
2168 1297 2279 1372 El.
2317 1297 2494 1371 9⁰2.

272 1399 445 1466 Nam
477 1396 533 1464 si
578 1396 670 1464 ita
700 1405 910 1479 esset,
960 1418 1093 1465 non
1124 1397 1358 1487 posset
1394 1418 1523 1488 pro
1555 1395 1805 1465 eodem
1845 1397 2049 1465 etiam
2092 1394 2498 1477 ἐλάνθανεν

273 1498 358 1573 ἀν
389 1499 551 1572 dici.
656 1499 868 1588 Atqui
898 1509 968 1567 et
1011 1520 1142 1590 pro
1176 1491 1579 1572 ἐλάνθανεν
1613 1497 1707 1570 ἀν
1734 1500 1846 1568 vix
1883 1502 2166 1590 usquam
2193 1526 2330 1573 non
2357 1528 2494 1598 po-

271 1603 421 1671 teris
468 1602 722 1691 ἔμελλε
763 1595 1005 1694 λήσειν
1036 1600 1282 1688 dicere,
1335 1610 1406 1670 et
1431 1625 1562 1694 pro
1592 1601 1844 1693 ἔμελλε
1869 1596 2142 1697 λήσειν,
2193 1609 2309 1676 ubi
2336 1610 2493 1699 qui-

270 1705 423 1774 dem
448 1704 525 1773 id
554 1705 643 1774 ad
675 1727 811 1774 non
839 1705 1191 1796 impletam
1216 1705 1673 1773 conditionem
1700 1705 2022 1787 refertur,
2075 1707 2326 1799 ubique
2360 1712 2494 1780 dici

264 1817 493 1901 potest
542 1800 945 1881 ἐλάνθανεν
996 1805 1108 1879 ἀν.
1224 1808 1342 1877 Sic
1385 1807 1797 1878 Schaeferus
1839 1806 2009 1877 Mei.
2054 1833 2148 1884 er.
2185 1836 2259 1906 p.
2314 1814 2488 1887 131.

264 1921 448 1981 recte
483 1911 838 1997 observat,
888 1910 957 1977 in
986 1909 1090 1978 his
1123 1910 1458 1980 Herodoti
1498 1912 1583 1980 II.
1614 1909 1738 1984 43.
1772 1911 1892 1983 καί
1930 1907 2078 2008 μήν
2108 1917 2183 1987 εἴ
2199 1943 2280 2008 γε
2307 1915 2492 2014 παρ’

261 2007 629 2111 Ελλήνων
658 2014 945 2110 ἔλαβον
957 2007 1245 2106 οὔνομά
1272 2037 1400 2087 τευ
1437 2013 1810 2105 δαίμονος,
1858 2009 2144 2088 τούτων
2166 2015 2296 2091 οὖν
2335 2017 2491 2115 ἥκι-

264 2144 449 2207 στα,
507 2110 697 2189 ἀλλά
726 2109 1054 2207 μάλιστα
1085 2117 1387 2208 ἔμελλον
1427 2110 1722 2215 μνήμην
1748 2120 1974 2205 ἕξειν,
2020 2118 2151 2187 dici
2191 2123 2490 2212 potuisse

262 2221 475 2311 ἔσχον
505 2218 601 2292 ἀν
626 2213 938 2316 μνήμην.
1041 2219 1279 2309 ltaque
1308 2220 1425 2287 illo
1455 2219 1758 2287 Elmsleii
1794 2233 2196 2312 argumento
2222 2246 2359 2293 non
2384 2226 2491 2294 ef-

261 2324 483 2392 ficitur
523 2322 715 2413 qnod
748 2323 1164 2411 quaerimus,
1224 2322 1391 2413 quid
1432 2322 1689 2392 intersit
1715 2329 1940 2390 utrum
1977 2318 2376 2401 ἑλάνθανεν
2402 2352 2490 2396 an

261 2420 670 2501 ε’λάνθανεν
698 2424 790 2497 ἀν
834 2425 1114 2495 dicatur.
1220 2428 1366 2495 Nos
1404 2448 1607 2547 qnam
1657 2425 1943 2495 omissae
1969 2429 2339 2519 particulae
2373 2455 2488 2500 ra-

260 2531 510 2599 tionem
562 2552 708 2598 esse
751 2528 1034 2598 diximus
1050 2577 1072 2613 ‚
1141 2528 1279 2597 eius
1316 2530 1575 2622 insigne
1621 2530 2007 2621 exemplum
2056 2541 2270 2601 exstat
2303 2535 2489 2627 apud

258 2632 691 2703 Andocidem
739 2632 827 2703 de
870 2642 1069 2726 myst.
1121 2658 1197 2726 p.
1238 2630 1361 2706 28.
1413 2631 1624 2722 (118.
1681 2626 1756 2727 §-
1810 2631 1972 2724 57.)
2023 2634 2102 2707 τί
2143 2634 2238 2707 ἀν
2283 2635 2489 2729 ὑμων

261 2740 621 2817 ἕκαστος’
585 2730 959 2828 εποιήσενς
994 2739 1066 2810 εἰ
1085 2736 1224 2829 μὲν
1250 2730 1391 2831 γάρ
1424 2732 1512 2831 ἦν
1543 2738 1740 2809 δυεῖν
1765 2731 1860 2809 τό
1886 2742 2137 2831 ἕτερον
2158 2742 2486 2830 ἑλέσθαι,

258 2839 303 2930 ἢ
345 2841 581 2921 ιιαλως
626 2836 1083 2919 ἀπολέσθαι,
1147 2838 1194 2929 ἢ
1239 2839 1548 2933 αἰσχροῖς
1592 2839 1967 2935 σωθῆναι,
2034 2842 2189 2930 ἔχοι
2241 2841 2335 2915 ἀν
2376 2870 2489 2925 τις

262 2946 488 3016 εἰπεῖν
544 2941 799 3014 κακίαν
853 2938 1040 3015 εἶναι
1069 2934 1168 3015 τά
1192 2936 1585 3034 λεγόμενα·
1640 2941 1884 3021 καίτοι
1920 2942 2172 3017 πολλοι
2218 2973 2327 3018 αν
2367 2946 2488 3018 καὶ

258 3045 490 3120 τοῦτο
523 3050 650 3118 εἴλ
670 3069 829 3117 οντ
851 3070 930 3133 ο,
985 3044 1078 3117 ‘to‘
1112 3044 1235 3138 ζῆν
1278 3043 1440 3140 περί
1469 3041 1800 3126 πλείονος
1835 3039 2320 3139 memetipsum
2348 3049 2489 3121 τοῦ

258 3147 487 3228 καλῶς
544 3142 1002 3220 ἀποθανεῖν·
1107 3144 1294 3266 ὅπου
1344 3147 1420 3220 δὲ
1468 3141 1755 3220 τούτων
1807 3141 1901 3221 vd
1947 3145 2486 3225 εναντιοὸτατον

259 3246 381 3347 ἦν,
440 3243 897 3345 σιωπήσαντι
935 3251 1102 3343 μέν,
1158 3245 1361 3342 αὐτῷ
1402 3278 1488 3323 τε
1522 3251 1864 3340 αἴσχιστα
1896 3246 2310 3325 ἀπολέσθαι
2323 3281 2482 3376 μη-

261 3354 376 3429 δὲν
414 3346 909 3474 ἀσεβήσαντι,
966 3355 1079 3427 ἔτι
1116 3353 1193 3427 δὲ
1236 3379 1372 3427 τον
1407 3355 1690 3474 πατέρα
1721 3356 2072 3447 περιιδειν
2104 3348 2481 3448 ἀπολόμε-

258 3483 385 3530 νον
426 3484 551 3529 και
599 3448 736 3529 τόν
783 3448 1128 3579 κηδεστήν
1177 3454 1296 3527 καί
1335 3482 1508 3536 τους
1553 3478 1908 3548 συγγενεις
1956 3456 2077 3528 ναι
2134 3453 2484 3552 ἀνεψιους

257 3552 697 3647 τοσούτους,
770 3558 891 3640 οὓς
947 3555 1182 3640 οὐδεις
1233 3552 1706 3632 ἀπώλλυεν
1737 3556 1805 3680 ἢ
1862 3586 2040 3652 εγω,
2102 3553 2211 3657 μή
2263 3554 2482 3634 είπων

258 3659 344 3744 αἷς
358 3668 605 3781 ἕτεροι
633 3656 1009 3757 ἥμαρτον·
1063 3660 1481 3758 Διοκλειδης
1493 3688 1633 3753 μεν
1660 3653 1801 3755 γάρ
1830 3654 2285 3754 ψευσάμενος
2310 3665 2482 3760 ἕδη-

257 3790 378 3838 σεν
413 3758 722 3852 αυτούς,
776 3762 1098 3861 σωτηρία
1130 3765 1208 3838 δὲ
1241 3760 1486 3838 αὐτων
1520 3761 1700 3860 ἄλλη
1734 3759 2040 3857 οὐδεμία
2071 3759 2196 3861 ἦν,
2247 3765 2296 3886 ἢ
2332 3794 2480 3841 πυ-

255 3870 541 3943 θέσθαι
580 3863 1032 3962 Ἀθηναίους
1084 3864 1332 3941 πάντα
1380 3860 1480 3939 τά
1521 3866 1990 3990 πραχθέντα·
2046 3861 2307 3959 φονεΰς
2349 3865 2481 3943 οὖν

257 3965 503 4044 αυτεὸν
545 3964 994 4090 ἐγινόμην
1046 3962 1222 4063 ἐγω,
1271 3995 1376 4065 μη
1426 3962 1646 4042 εἰπων
1686 3995 1863 4062 υμιν
1913 3967 1966 4042 οἳ
2001 3967 2312 4098 ήκουσα·
2366 3972 2479 4046 ἔτι

259 4073 335 4147 δὲ
367 4071 832 4170 τριακοσίους
858 4068 1278 4172 Ἀθηναίων
1330 4064 1852 4150 ἀπωλλυον,
1908 4100 2025 4146 και
2066 4099 2108 4167 η
2161 4067 2366 4155 πόλις
2400 4080 2479 4148 ἐν
2577 4160 2586 4168 0

257 4182 497 4257 κανοῖς
526 4181 683 4257 τοῖς
705 4174 1075 4270 μεγίστοις
1118 4173 1510 4270 ἐγίνετο·
1563 4172 1806 4247 ταῦτα
1833 4175 1971 4268 μὲν
2004 4171 2138 4250 οὖν
2171 4202 2265 4299 ην
2294 4177 2480 4270 ἐμοῦ

259 4305 357 4375 μη
392 4271 763 4357 εἰπόντος·
818 4273 1035 4351 εἰπων
1064 4278 1142 4352 δὲ
1173 4271 1270 4350 τά
1303 4274 1526 4367 ὄντα,
1584 4271 1804 4358 αὐτός
1841 4305 1925 4351 τε
1978 4273 2473 4376 ἐσωζόμην,

260 4380 377 4453 ναί
401 4410 536 4457 τον
576 4383 866 4478 πατέρα
912 4382 1241 4468 ἔσωζον
1269 4408 1392 4453 και
1431 4406 1605 4461 τους
1634 4378 1889 4501 {Move
1920 4387 2302 4473 συγγενεῖς,
2353 4408 2474 4454 και

263 4510 390 4572 την
440 4476 659 4560 πόλιν
719 4489 796 4559 ἐν
841 4478 1082 4580 φόβου
1133 4511 1254 4557 ιιαι
1300 4510 1535 4557 κανων
1591 4510 1741 4556 των
1778 4484 2136 4576 μεγίστων
2196 4479 2471 4581 ἀπήλ-
