3259 5275
732 507 815 567 ΙΝ
817 505 1321 570 CREDIBILIVM
1366 506 1592 570 LIBER
1636 509 1943 572 PRIMVS.
2335 517 2466 580 84²1

255 705 594 787 monstret,
655 710 1026 788 caveatque
1070 723 1159 768 ne
1191 698 1493 768 facinora
1527 699 1773 770 afferat
1812 701 2005 789 talia,
2057 706 2258 792 quale
2286 703 2459 773 illud

256 812 383 886 est,
442 800 627 891 quod
686 805 757 872 in
802 803 1031 873 indice
1068 800 1417 874 Plutarchi
1463 827 1524 875 v.
1576 802 1713 877 κᾶν
1770 807 2148 875 enucleavit
2164 856 2185 892 ‚
2257 808 2457 900 cogi-

255 916 473 995 tetque
488 953 510 990 ‚
550 905 802 975 risuros
842 931 990 976 esse
1036 905 1206 998 (risu
1257 914 1481 975 autem
1532 907 1779 996 ecquid
1819 909 2247 1001 inoptabilius
2288 933 2453 1002 gra-

255 1033 399 1079 vem
449 1023 523 1078 se
575 1019 646 1078 et
698 1034 1009 1079 severum
1064 1010 1491 1079 monitorem·
1522 1033 1803 1104 surgere
1858 1013 2170 1104 professo
2187 1015 2270 1102 Ρ)
2337 1017 2454 1105 qui

255 1113 546 1199 videant,
608 1113 767 1204 quia
802 1137 941 1208 ego
984 1113 1346 1205 aliquando
1401 1115 1779 1207 scripserim
1824 1138 1976 1208 qua
2021 1117 2313 1210 quidem
2358 1120 2456 1188 de

258 1240 335 1286 re
361 1240 502 1285 non
530 1218 1003 1312 praeripiam
1044 1241 1233 1311 quae
1276 1216 1727 1311 Erfurdtius
1767 1241 1971 1289 meus
2014 1220 2456 1309 admonebit,

257 1323 366 1410 (ea
407 1343 515 1390 res
555 1331 782 1392 autem
828 1323 1233 1391 constructio
1282 1330 1385 1390 est
1435 1323 1804 1415 particulae
1847 1325 2049 1394 trium
2088 1324 2455 1394 litterarum

254 1422 420 1516 κᾶν)
471 1435 842 1518 propterea
869 1428 1093 1519 ipsum
1116 1425 1435 1494 vicesimo
1475 1449 1651 1495 anno
1692 1435 1848 1519 post
1893 1426 1983 1495 ad
2015 1428 2457 1497 Plutarchum

255 1528 379 1595 vol.
424 1527 507 1599 V.
570 1554 641 1622 p.
687 1529 859 1598 241.
925 1531 994 1598 in
1047 1529 1223 1598 haec
1278 1530 1486 1599 verba
1541 1552 1932 1623 erumpere:
2025 1531 2099 1600 V.
2155 1554 2326 1602 mea
2379 1534 2456 1602 in

260 1630 587 1723 Append.
620 1634 729 1702 ad
773 1632 1018 1703 Bastii
1052 1632 1363 1727 Epistol.
1417 1633 1668 1704 Critic.
1686 1656 1764 1727 p.
1800 1631 1921 1702 26.
1958 1656 2015 1704 s.
2063 1644 2135 1705 et
2160 1635 2454 1731 in'Epi-

254 1742 481 1804 metro
533 1736 648 1806 II.
735 1737 844 1805 ad
909 1737 1394 1830 Aristophan.
1456 1737 1658 1807 Plut.
1715 1760 1795 1830 p.
1869 1736 2093 1806 XXX
2115 1739 2332 1809 VIII.
2392 1763 2451 1810 s.

260 1837 381 1906 Ad
421 1862 611 1961 quae
652 1841 1043 1934 carpenda
1091 1862 1260 1909 cum
1291 1841 1555 1933 plures
1604 1841 1778 1910 olim
1818 1843 2164 1911 certatim
2193 1867 2456 1914 convo-

256 1941 527 2013 lassent
582 1944 762 2013 iussi
811 1968 863 2013 a
898 1944 1311 2037 magistro,
1362 1967 1454 2013 ne
1491 1945 1670 2037 quid
1714 1967 1858 2037 ego
1884 1944 2090 2039 privi
2117 1948 2455 2041 proprii-

259 2067 386 2137 que
433 2047 778 2116 docuisse
822 2047 1153 2135 viderer,
1194 2050 1595 2142 postmodo
1640 2071 1786 2116 non
1827 2049 1981 2118 sine
2012 2049 2173 2119 risu
2201 2053 2458 2146 magi-

257 2157 483 2218 strum
518 2151 885 2238 intellexi,
941 2160 1073 2221 aut
1107 2174 1448 2221 securum
1481 2160 1613 2222 aut
1651 2150 1950 2222 oblitum
1973 2152 2186 2224 istius
2215 2156 2460 2225 altan-

255 2275 504 2322 norum
541 2254 724 2324 nuihi
762 2255 1271 2325 insultantium
1304 2255 1769 2342 certationis,
1819 2255 1932 2325 illi
1962 2279 2175 2328 meae
2201 2260 2456 2354 dispu-

259 2357 513 2427 tationi
559 2367 847 2429 tantum
892 2357 1237 2440 habtdsse
1274 2359 1612 2445 honoris,
1678 2368 1761 2429 ut
1801 2360 1966 2429 'eius
2009 2363 2461 2434 auctoritate

256 2468 583 2532 uteretur
609 2463 685 2531 in
733 2462 1154 2556 Vigerianis
1180 2486 1260 2556 p.
1296 2461 1470 2534 822.
1501 2461 1726 2556 salso
1754 2464 2010 2533 dicens
2039 2468 2460 2538 recentissi-

256 2585 404 2633 mos
433 2589 615 2660 quos
658 2564 973 2638 debebat
1007 2567 1257 2638 dicere
1297 2566 1706 2661 scriptores
1745 2568 2111 2642 citerioris
2146 2570 2461 2642 Graeci-

256 2669 448 2739 tatis.
508 2669 679 2741 Nisi
674 2670 894 2766 Jbrte
907 2671 1368 2744 Plutarchus
1387 2672 1881 2764 aequalesque
1897 2673 2235 2768 adeoque
2257 2685 2460 2747 vetu-
2543 2702 2552 2709 ·

257 2773 515 2845 stiores
543 2776 625 2844 in
652 2775 1171 2846 recentissimis
1205 2776 1650 2846 numerandi
1678 2787 1867 2849 sunt.
1970 2779 2077 2848 Ac
2106 2802 2349 2850 vereor
2376 2803 2464 2849 ne

256 2879 463 2970 magis
518 2879 724 2949 etiam
768 2879 1066 2964 rideant,
1130 2880 1184 2948 si
1224 2881 1639 2973 inspexerint
1679 2880 1888 2950 libros
1927 2883 1999 2950 in
2037 2882 2261 2953 indice
2297 2886 2464 2954 Plu-

254 2981 464 3051 tarchi
507 2983 748 3052 citatos
762 3037 805 3074 ‚.
849 2982 1273 3074 viderintque
1317 3007 1493 3075 quae
1536 2985 1620 3052 sit
1652 2983 1769 3051 illa
1807 2986 2261 3055 insultantium
2309 3010 2461 3056 cer-

255 3087 451 3155 tatio-2
505 3088 697 3157 cuius
738 3109 853 3156 me
893 3086 1170 3178 quidem
1213 3097 1399 3157 recte
1447 3087 1732 3156 oblitum
1781 3087 1976 3176 dicit,
1999 3091 2290 3184 ⁸quippe
2323 3100 2462 3160 tam

254 3189 531 3280 pusillae
548 3242 573 3278 ,
615 3199 693 3261 ut
741 3191 1048 3260 oblivisci
1087 3190 1346 3259 facilius
1407 3213 1613 3282 quam
1665 3193 2046 3262 meminisse
2104 3196 2462 3287 potuerim.

254 3291 458 3363 Tales
505 3295 717 3387 igitur
772 3295 1384 3387 argumentationes
1439 3293 1642 3362 velim
1688 3305 1765 3364 ut
1808 3317 1931 3363 sua
1969 3297 2179 3388 ipsius
2224 3321 2465 3368 caussa

255 3417 389 3464 non
414 3398 634 3467 minus
675 3396 963 3486 devitet,
1019 3420 1224 3489 quam
1264 3399 1930 3466 commemorationes
1964 3422 2233 3490 eorum,
2287 3424 2465 3493 quae
2603 3406 2610 3413 '

255 3521 621 3591 numquam
650 3501 835 3570 facta
858 3510 1045 3590 sunt,
1089 3502 1239 3595 ipse
1265 3510 1525 3588 autem,
1578 3501 1740 3591 quia
1774 3501 1934 3570 odio
1972 3503 2270 3599 flagrans
2313 3506 2465 3575 fieri
2519 3518 2524 3521 “

253 3603 555 3694 potuisse
612 3605 958 3698 cogitabat
972 3658 994 3698 ‚
1078 3604 1366 3674 credidit
1414 3604 1596 3672 facta
1637 3628 1803 3675 esse.
1927 3605 2137 3679 Cuius
2195 3609 2464 3705 generis

256 3728 428 3776 nunc
456 3707 735 3798 quidem
764 3709 903 3778 duo
930 3709 1260 3778 mirabilia
1292 3709 1602 3801 exempla
1633 3731 1969 3801 promam.

457 3811 540 3879 ln
578 3813 971 3905 Apparatus
1024 3812 1114 3882 ad
1150 3811 1683 3883 Demosthenem
1729 3813 1864 3886 vol.
1908 3814 1964 3882 l.
2026 3835 2098 3906 p.
2146 3809 2319 3882 264.
2373 3812 2466 3881 de

257 3910 564 4007 Reisigio
597 3916 693 3985 sic
722 3917 1025 4010 scripsit·
1091 3916 1267 4010 Ipse
1312 3917 1713 4001 Kusterus‚
1767 3917 1908 4010 qui·
1930 3917 2110 3987 mihi
2154 3916 2470 4010 aliisque

256 4013 793 4092 inuuerevuibus
856 4020 1049 4093 satis
1108 4021 1448 4102 νεανικῶς
1512 4021 1898 4092 insultavit
1961 4022 2069 4094 ad
2136 4018 2464 4114 Xenoph.

264 4116 530 4191 Oecon.
579 4147 658 4216 p.
700 4119 824 4194 45.
893 4145 1121 4212 nunc,
1194 4125 1484 4218 opinor,
1549 4147 1698 4194 non
1755 4124 2237 4223 diffitebitur,
2303 4147 2469 4194 cum

257 4221 395 4293 illa
423 4225 859 4316 scriberem,
911 4228 1205 4300 ratione
1234 4251 1349 4300 me
1379 4236 1454 4299 et
1480 4228 1784 4300 consilio
1815 4252 2021 4300 ustan
2041 4251 2216 4299 esse.
2296 4228 2467 4297 Viro

260 4326 728 4420 doctissimo,
786 4355 995 4425 quem
1025 4332 1371 4404 insecutis
1420 4332 1861 4428 temporibus
1910 4331 2466 4428 existimationis

259 4451 465 4503 meae
511 4435 1126 4506 studiosissimum
1170 4446 1518 4534 expertus
1562 4460 1762 4525 ειεηι,
1830 4435 2224 4527 νεανίευμα
2281 4434 2473 4505 illud

259 4532 398 4606 hoc
443 4537 806 4613 lubentius
851 4540 1221 4631 condono,
1286 4562 1429 4636 quo
1477 4540 1754 4613 certius
1792 4540 1983 4630 scio,
2052 4538 2204 4610 tela
2244 4537 2318 4609 in
2360 4561 2478 4610 me
