3259 5275
914 457 1876 546 orsssnra'rto.
2379 473 2511 540 ,ω

284 649 772 749 μαρμαίρειν,
828 643 1329 748 ἆμαριῖσσειν,
1379 645 1875 750 μαρμαρυγῆς
1927 648 2380 750 σμάραγδος,
2435 672 2506 732 et

284 758 440 829 alia.
546 755 910 825 Caeterum
948 776 1159 844 quum
1201 753 1453 824 Strabo
1503 754 1832 845 Aeschyli
1860 778 2092 826 versus
2132 771 2502 853 propterea

282 859 569 946 afferat,
620 867 697 926 ut
734 857 1050 928 ostendat
1101 880 1372 926 omnem
1419 880 1607 927 oram
1630 911 1650 945 ‚
1711 880 1891 949 quae
1929 860 2017 928 ab
2057 863 2313 932 oriente
2354 870 2500 938 sole

283 963 375 1032 ad
431 962 856 1031 occidentem
909 970 1044 1050 est,
1113 962 1201 1029 ab
1245 960 1697 1053 Aethiopibus
1738 962 2110 1033 habitatam
2162 989 2347 1055 esse,
2415 995 2500 1040 ex

282 1089 371 1137 eo
401 1088 651 1134 vanum
679 1088 827 1134 esse
855 1064 1265 1158 intellig-itur,
1319 1063 1508 1156 quod
1537 1075 1955 1135 commentus
1984 1077 2087 1137 est
2116 1069 2166 1136 l.
2197 1070 2286 1139 H.
2317 1072 2498 1144 Vos-

279 1172 442 1257 sius,
487 1169 866 1238 cohaesisse
896 1191 1031 1237 non
1056 1169 1462 1261 interpositis
1490 1168 1633 1238 aliis
1649 1169 1951 1239 versibus
1979 1170 2116 1241 hoc
2144 1173 2497 1267 fragmen-

278 1285 427 1342 tum
466 1296 625 1342 cum
671 1295 792 1359 eo,
856 1271 1044 1363 quod
1087 1274 1309 1364 primo
1350 1272 1506 1340 loco
1552 1272 2063 1359 collocavimus,
2115 1275 2498 1371 lacumque,

277 1399 491 1468 quem
545 1374 926 1466 Aeschylus
976 1374 1189 1460 dicat,
1242 1398 1388 1443 esse
1428 1395 1613 1443 mure
1649 1374 2013 1468 Caspium,
2079 1390 2148 1447 et
2191 1380 2494 1474 Titanes,

277 1491 536 1549 tartaro
567 1480 865 1565 emissos,
915 1478 1106 1570 apud
1135 1479 1415 1582 fratrem
1446 1479 1681 1548 Solem
1709 1477 2066 1550 habitasse.
2152 1482 2295 1552 Sed
2322 1508 2494 1577 pro-

275 1586 509 1677 prium
547 1583 684 1653 hoc
725 1591 871 1650 erat
914 1583 1042 1650 viri
1093 1594 1361 1651 caetera
1408 1583 1681 1674 optimi,
1733 1593 1809 1651 ut
1849 1606 2026 1675 quae
2071 1588 2282 1655 semel
2328 1591 2392 1659 ei
2426 1590 2495 1658 in

275 1697 578 1757 mentem
607 1686 945 1756 venissent
958 1736 980 1773 ,
1031 1685 1121 1754 ad
1174 1685 1460 1754 invictae
1504 1686 1799 1755 veritatis
1847 1690 2352 1779 persuasionem
2397 1694 2495 1761 ri·-

276 1799 656 1884 gescerent.
760 1790 918 1858 Non
966 1790 1183 1882 magis
1232 1789 1541 1877 credam,
1593 1788 1781 1879 qnod
1822 1791 2090 1860 cuidam
2123 1794 2339 1865 visum
2372 1806 2496 1881 cst,

273 1893 842 1989 Aristophanem,
896 1914 1105 1983 quum
1130 1893 1202 1960 in
1225 1893 1483 1963 Avibus
1515 1915 1576 1961 v.
1613 1890 1837 1964 1558.
1867 1896 2166 1990 scripsit,

610 2056 790 2128 προς
840 2029 919 2103 δὲ
969 2034 1124 2112 τοῖς
1171 2022 1584 2104 Σκιάποσιν
1634 2029 1753 2103 λί-

695 2159 844 2229 μνη
897 2130 1005 2212 τίς
1054 2128 1211 2207 ἐστ’
1225 2182 1248 2222 ,
1302 2131 1608 2215 ἄλουτος
1663 2128 1755 2208 οὗ

695 2240 1119 2331 ψυχαγωγεῖ
1162 2228 1591 2335 Σωκράτης,

274 2375 366 2444 ud
398 2371 823 2465 Aeschylum
851 2374 1247 2467 respexisse.
1318 2372 1497 2441 Illud
1523 2395 1663 2442 uon
1687 2374 2261 2465 praetereundum
2289 2377 2493 2463 duco,

273 2479 495 2547 minus
551 2478 935 2570 elegantem
994 2500 1142 2546 esse
1188 2477 1601 2569 paroemiaci
1651 2500 1808 2545 cum
1853 2480 2134 2548 caeteris
2189 2482 2492 2551 versibus

267 2582 816 2652 coniunctionem
833 2631 854 2669 ,
904 2590 982 2651 ut
1025 2581 1349 2675 suspicari
1400 2580 1549 2671 quis
1602 2582 1853 2674 possit,
1904 2582 2128 2653 verbis
2179 2590 2493 2679 θερμαῖς

272 2684 542 2766 ὕδατος
581 2686 918 2775 μαλακοί
959 2691 1307 2779 προχοαῖς
1352 2707 1492 2753 uuo
1535 2708 1734 2754 versu
1783 2687 2285 2779 comprehensis
2335 2698 2491 2759 unte

272 2782 636 2861 α’ναπαύει
672 2788 999 2857 excidisse
1029 2787 1307 2877 aliquod
1335 2789 1790 2880 participium.

480 2891 590 2960 Dc
615 2890 1068 2984 Aethiopibus
1093 2892 1320 2960 nescio
1347 2914 1433 2959 an
1450 2892 1653 2984 plura
1679 2891 1961 2961 dixerint
1987 2892 2292 2966 Titanes.
2344 2891 2492 2962 Ex-

270 3003 406 3064 stat
446 3003 673 3082 certe,
727 2995 919 3084 quod
960 2993 1049 3064 ad
1091 3017 1208 3064 eos
1255 3004 1554 3087 spectet,
1607 2997 2105 3088 anapaesticum
2138 2997 2488 3088 fragmen-

269 3108 419 3167 tum
446 3099 587 3166 sine
618 3097 891 3167 fabulae
924 3099 1193 3167 nomine
1225 3098 1413 3190 apud
1438 3098 1864 3167 scholiastam
1881 3099 2226 3191 Apollonii
2254 3099 2486 3167 Rhod.

269 3201 362 3270 sd
404 3199 1168 3298 ιν.1348.στέρφος
1199 3203 1283 3275 δέ
1321 3206 1478 3275 ἐστι
1513 3228 1602 3275 το
1657 3203 1935 3296 δέρμα,
1989 3199 2173 3276 ὅθεν
2212 3229 2332 3274 και
2377 3229 2467 3277 το
2486 3218 2587 3289 18

270 3330 713 3401 στερφωσαι.
783 3301 1100 3425 Ἴβυκος
1105 3303 1181 3378 δὲ
1216 3305 1696 3401 στερφωτῆρα
1732 3331 2055 3401 στρατον
2082 3330 2317 3425 ειρηιιε
2348 3332 2483 3378 τον

271 3408 537 3499 ἔχοντα
568 3408 919 3505 δέρματα.
980 3398 1100 3481 διο
1124 3434 1245 3479 και
1273 3431 1424 3503 παρ
1435 3402 1822 3502 ΗΑισχύλφ
1857 3403 2143 3490 α’ξιοῦσι
2173 3399 2485 3504 γράφειν

599 3545 1210 3643 μελανοστέρφων
1236 3545 1469 3639 γένος,

272 3673 434 3753 αλλ’
463 3673 555 3753 οὐ
581 3682 1196 3802 μελανοστέρνων.
1255 3708 1342 3755 ov
1369 3707 1509 3777 γαρ
1536 3672 1773 3773 μόνον
1799 3707 1896 3754 τα
1879 3673 2180 3783 στέρνα
2205 3680 2487 3774 paam

272 3783 608 3873 ἔχουσιν,
662 3775 852 3858 duo?
876 3782 997 3856 καὶ
1028 3781 1200 3858 ὅλον
1239 3811 1328 3858 το
1365 3810 1599 3876 σωμα.

476 3884 712 3957 choro
749 3887 1214 3979 respondebat
1243 3885 1692 3956 Prometheus
1716 3885 2056 3968 trimetris,
2110 3887 2296 3956 cuius
2326 3910 2488 3956 ora-

269 3988 465 4058 tionis
507 3989 768 4059 initium
814 3991 1102 4059 servavit
1138 3991 1379 4060 Latine
1430 4012 1699 4060 versum
1746 3988 1989 4060 Cicero
2028 3990 2117 4076 Q.
2157 3990 2368 4063 Tusc.
2398 3990 2486 4059 11.

266 4090 393 4166 lo.
459 4092 626 4163 Eius
658 4094 833 4163 haec
866 4093 1078 4164 verba
1106 4104 1293 4164 sunt:
1344 4093 1594 4164 veniat
1624 4092 2063 4186 Aeschylus,
2095 4115 2239 4163 ιιοιι
2256 4102 2489 4186 poeta

267 4195 539 4282 solum,
592 4198 729 4267 sed
770 4197 996 4267 etiam
1037 4197 1614 4292 Pythagoreus.-
1660 4197 1770 4266 εἰσ
1816 4197 2005 4267 enim
2047 4196 2483 4291 accepimus.

274 4297 660 4395 Quo‘rnodo
683 4300 857 4395 sert
910 4303 1118 4394 apud
1163 4324 1325 4372 eum
1372 4301 1861 4372 Prometheus
1905 4300 2237 4371 dolorem
2278 4323 2488 4393 quem

269 4403 555 4497 excepit
589 4402 677 4473 οό
683 4403 987 4498 furtum
1016 4405 1419 4492 Lemnium,
1470 4404 1653 4475 unde
1677 4404 1850 4497 ignis
1881 4405 2063 4474 cluet
2095 4404 2486 4472 mortalibus

269 4506 443 4576 clam
489 4506 774 4578 divisus:
820 4531 980 4579 enm
1021 4508 1240 4580 dictus
1269 4507 1719 4579 Prometheus
1751 4508 2039 4599 clepisse
2073 4506 2259 4594 dolo,
2308 4528 2485 4599 poe-
