3259 5275
785 489 916 554 aso
1282 441 1882 548 'messommvm
1927 483 2152 546 ussa
2200 484 2505 548 rums,

787 704 878 750 ne
906 688 1181 772 tempus
1214 676 1306 746 ad
1330 675 1784 770 inspiciendos
1823 676 2184 769 scriptores
2228 677 2382 747 illos
2419 677 2770 753 deficeret.
2872 678 3006 749 Vbi

790 807 904 854 me
929 785 1279 853 invitatum
1306 782 1488 850 venit
1520 781 1804 850 instante
1835 782 2255 851 solemnitate
2270 833 2289 860 ‚
2344 782 2870 875 exemplumque
2899 784 3008 852 in-

791 899 1062 982 tegrum
1107 886 1263 955 libri
1307 885 1585 969 obtulit,
1653 885 1979 976 quaesivit
2037 885 2452 955 haberemne
2517 887 2609 955 de
2672 909 2813 977 quo
2879 887 3005 955 ali-

791 991 1112 1085 quamdiu
1177 990 1751 1080 colloqueremur:
1834 1011 1991 1058 nam
2055 1011 2437 1082 paucorum
2497 1013 2578 1060 se
2640 991 3010 1060 verborum

791 1119 936 1165 esse
953 1144 974 1182 ,
1041 1103 1145 1181 et,
1208 1094 1265 1162 si
1311 1116 1386 1163 se
1436 1115 1694 1163 errasse
1741 1092 2183 1187 intelligeret,
2261 1095 2403 1163 sine
2451 1094 3010 1187 tergiversatione

791 1219 1301 1268 concessurumz
1366 1218 1503 1266 non
1551 1206 1798 1290 putare
1853 1206 2081 1266 autem
2127 1198 2341 1267 multa
2392 1221 2508 1268 me
2541 1199 2870 1268 invenisse
2918 1198 3010 1268 de

790 1303 1032 1394 quibus
1061 1301 1503 1375 dissentirem.
1604 1301 1964 1393 Respondi
1979 1349 2001 1386 ‚
2052 1301 2410 1372 adnotasse
2446 1325 2560 1372 me
2599 1302 2790 1372 locos
2830 1325 3008 1394 qun-

691 1406 1110 1498 lldraginta
1160 1414 1232 1473 et
1270 1414 1426 1473 tres.
1544 1403 1725 1474 Satis
1766 1426 1973 1492 vero,
2036 1405 2270 1496 inquit.
2373 1407 2636 1475 Eorum
2675 1407 3006 1494 locor-mn,

791 1533 1003 1602 quum
1030 1508 1122 1577 ad
1149 1507 1672 1601 disputationem
1712 1517 1990 1577 ventum
2030 1519 2167 1596 est,
2234 1510 2497 1602 aliquos
2530 1495 2766 1603 viginti
2811 1531 3007 1579 com-

789 1613 1195 1683 memoravi:
1275 1611 1744 1703 concessitque
1802 1612 1893 1681 de
1949 1613 2291 1701 omnibus,
2371 1636 2534 1683 vera
2586 1635 2698 1682 me
2749 1613 3000 1685 dicere.

788 1718 1182 1812 Attigissem
1219 1716 1421 1784 etiam
1455 1716 1750 1806 reliquos
1765 1763 1786 1799 ‚
1837 1716 1960 1785 nisi
1994 1716 2350 1786 assedisset
2389 1717 2850 1807 Tittmannus‚
2903 1718 3007 1785 vir

788 1822 866 1896 S.
901 1823 988 1890 R.
1021 1821 1291 1913 collega
1320 1842 1508 1889 meus
1521 1870 1542 1908 ,
1595 1820 1985 1910 amicusque
2025 1821 2373 1913 utriusque
2406 1830 2708 1890 nostrum
2722 1871 2744 1908 ‚
2797 1841 3005 1911 quem

786 1927 844 1994 si
882 1924 1127 1994 diutius
1174 1946 1219 1991 a
1273 1924 1730 2016 colloquendo
1771 1946 2005 1993 arcere
2049 1925 2406 1995 voluissem
2419 1973 2442 2005 .
2506 1923 3004 1994 inverecundus

785 2029 858 2116 in
880 2028 1140 2121 ipsum,
1190 2027 1629 2097 immodestus
1672 2028 1740 2096 in
1770 2026 2221 2097 Schaeferum
2239 2080 2259 2116 ,
2308 2029 2570 2119 iniquus
2613 2028 2682 2097 in
2730 2026 3003 2096 audito-

786 2156 894 2202 res
919 2132 1212 2204 fuissem.
1310 2131 1903 2224 Disputaveramus
1936 2140 2163 2201 autem
2205 2132 2299 2201 ita
2339 2141 2409 2202 et
2442 2154 2579 2225 ego
2623 2140 2697 2200 et
2732 2129 3004 2201 Schne-

787 2237 970 2305 ferus
1015 2244 1086 2305 et
1120 2237 1340 2306 socius
1387 2236 1527 2305 eius
1559 2234 2034 2328 Thierschius,
2101 2244 2178 2304 ut
2218 2257 2349 2328 par
2386 2245 2487 2305 est
2527 2236 2699 2304 inter
2727 2235 3004 2322 amicos,

789 2361 1046 2430 eosque
1089 2361 1228 2409 non
1277 2339 1410 2409 alia
1448 2360 1658 2430 quam
1701 2338 1845 2407 veri
1886 2339 2265 2409 inveniendi
2318 2338 2689 2432 cupiditate
2739 2338 3001 2407 ductos.

786 2443 1072 2512 Testem
1095 2441 1294 2513 huius
1324 2443 1424 2513 rei
1450 2443 1676 2536 ipsum
1716 2442 1943 2512 habeo
1976 2442 2442 2544 Schaeferum.
2504 2443 2685 2511 Nam
2720 2452 3003 2535 peracta

787 2547 1207 2617 solemnitate
1236 2570 1392 2617 eum
1422 2545 1605 2616 diem
1625 2554 1846 2615 totum
1845 2567 2088 2669 ‘usque
2113 2546 2204 2615 ad
2230 2569 2587 2641 vesperam
2617 2546 2809 2640 apud
2845 2568 3002 2615 eum

787 2651 1079 2720 suaviter
1117 2652 1447 2747 transegi.
1514 2651 1704 2741 quod
1750 2650 1899 2741 quis
1944 2650 2181 2719 credat
2218 2651 2475 2721 factum
2519 2674 2701 2738 esse,
2770 2650 2827 2720 si
2876 2651 3003 2719 ali-

787 2754 955 2845 quid
1006 2754 1181 2824 inter
1222 2777 1345 2825 nos
1401 2754 1748 2824 simultatis
1803 2754 2330 2824 intercessisset?
2399 2756 2580 2824 Nam
2623 2775 2850 2844 neque
2887 2754 3003 2823 ille

784 2856 1205 2928 dissimulare
1244 2857 1577 2952 potuisset
1615 2857 2144 2950 aegritudinem,
2208 2880 2436 2948 neque
2484 2880 2621 2952 ego
2657 2866 2800 2925 tam
2828 2856 3002 2927 fuis-

784 2984 929 3031 sem
967 2960 1362 3055 impudenS,
1414 2968 1524 3047 ut,
1576 2983 1784 3050 quem
1824 2961 2202 3049 laesissem,
2243 2963 2588 3031 laesumve
2629 2984 2706 3030 se
2754 2970 3004 3053 putare

782 3064 1136 3150 vidissem,
1201 3066 1266 3134 ei
1320 3065 1704 3157 praesentia
1763 3087 1922 3134 mea
1971 3065 2349 3136 molestiam
2402 3086 2724 3164 crearem.
2840 3066 3004 3134 Non

785 3190 955 3261 ergo
1010 3168 1082 3237 in
1130 3168 1343 3238 modo
1357 3217 1379 3254 ‚
1447 3170 1725 3261 opinor,
1791 3190 1930 3260 quo
1982 3169 2394 3262 dkputatum
2450 3179 2587 3254 est,
2653 3177 2804 3237 erat
2860 3190 3002 3258 quo

784 3272 1103 3342 arrosisse
1125 3271 1569 3342 Meletemata
1600 3273 1892 3346 viderer.
2000 3274 2161 3360 Qua
2197 3294 2369 3366 ergo
2395 3274 2467 3341 in
2492 3272 2777 3341 aliare?
2839 3272 3002 3341 Non

784 3384 968 3445 certe
1000 3376 1070 3444 in
1099 3398 1183 3444 eo
1198 3430 1219 3467 ,
1273 3376 1460 3466 quod
1491 3375 1724 3445 officio
1752 3375 2021 3446 functus
2058 3399 2210 3445 sum
2241 3375 2789 3445 contradicentis:
2841 3397 3001 3444 nam

782 3478 853 3546 id
904 3488 1184 3573 rogatus
1234 3478 1406 3568 feci,
1474 3487 1680 3571 atque
1732 3478 1943 3567 adeo,
2007 3479 2065 3549 si
2101 3479 2619 3567 detrectassem,
2682 3479 2832 3546 iure
2889 3478 3000 3547 vel

778 3582 1191 3652 inofficiosus
1222 3583 1333 3651 vel
1356 3584 1657 3652 inimicus
1685 3606 1902 3652 essem
1923 3582 2124 3658 visus.
2233 3583 2345 3653 An
2367 3604 2572 3667 vero,
2620 3580 2814 3672 quod
2839 3602 2998 3669 non,

779 3694 856 3753 ut
872 3676 1181 3755 'nonnulli
1205 3685 1456 3776 solent,
1505 3686 1771 3755 ludicra
1799 3695 1868 3755 et
1897 3709 2073 3778 quae
2113 3688 2261 3780 ipse
2288 3686 2506 3755 inania
2544 3693 2860 3778 putarem
2890 3692 2998 3752 at-

778 3788 954 3857 tuli?
1049 3790 1146 3859 At
1187 3788 1545 3883 indignum
1585 3797 1877 3879 utroque
1913 3798 2218 3860 nostum)
2263 3798 2445 3878 erat,
2495 3790 2556 3858 si
2598 3809 2756 3857 cum
2789 3787 2998 3856 docto

783 3892 1105 3983 claroque
1134 3892 1284 3961 viro
1313 3895 1409 3963 sic
1439 3916 1725 3987 agerem
1740 3943 1761 3980 ,
1803 3902 1882 3963 ut
1919 3916 2075 3962 cum
2106 3894 2576 3978 adolescente,
2626 3892 2820 3962 cuius
2849 3890 2997 3982 quis

779 3995 926 4064 vult
965 3995 1311 4088 ingenium
1360 3997 1673 4090 captiosis
1714 3994 2351 4090 interrogationibus
2401 3996 2809 4090 speciosisve
2854 3994 2996 4086 syl-

779 4098 1080 4192 logismis
1120 4099 1499 4192 explorare.
1615 4100 2046 4192 Relinquitur
2088 4101 2290 4188 nihil,
2323 4102 2468 4170 ⁴nisi
2507 4110 2585 4170 ut
2629 4120 2736 4168 πω
2779 4099 2994 4192 ipsae,

778 4222 956 4293 quae
995 4224 1036 4269 a
1062 4225 1173 4271 me
1204 4212 1357 4272 sunt
1394 4204 1466 4273 in
1493 4205 1798 4274 medium
1835 4205 2109 4294 allatae,
2160 4228 2318 4274 eum
2349 4203 2776 4273 offenderint.
2880 4201 2991 4290 Et,

777 4306 902 4375 nisi
940 4304 1176 4396 fallor,
1231 4306 1322 4376 ita
1352 4317 1487 4378 est:
1537 4316 1910 4401 tempestas
1951 4309 2101 4394 illa,
2153 4331 2362 4399 quam
2399 4308 2595 4394 dicit,
2648 4306 2991 4396 aliquanto

775 4417 937 4501 post
974 4409 1181 4503 ipsius
1205 4410 1275 4479 in
1305 4420 1587 4504 pectore
1614 4422 1765 4481 orta
1798 4421 1927 4500 est,
1979 4434 2190 4503 quum
2220 4412 2455 4482 dolere
2485 4409 2713 4503 coepit
2729 4460 2751 4497 ‚
2804 4405 2988 4500 quod

777 4532 915 4581 non
937 4515 1267 4604 potuisset
1288 4537 1428 4586 non
1454 4517 1836 4587 concedere
1862 4538 2025 4588 vera
2050 4539 2196 4586 esse
2225 4538 2402 4607 quae
2426 4515 2762 4585 dixissem.
2815 4514 2983 4583 Nam
