3259 5275
630 415 635 420 .
784 480 919 548 m
1044 473 1151 535 m:
1188 468 1864 534 mscmmomavs
1905 465 2362 544 vavsuffl
2405 465 2755 550 mirus.

995 666 1245 740 Parum
1294 670 1611 730 acc-me
1663 659 1982 749 loquutus
2020 668 2124 728 est
2160 659 2532 746 Hauon-s,
2583 679 2800 750 quun
2843 658 3009 729 saiz

790 770 928 863 psit
967 765 1208 838 dubiis
1254 765 1565 858 virg-ula
1613 761 2045 834 subnotatis.
2130 763 2328 849 Quae
2383 763 2594 832 verba
2635 772 2830 854 patet
2877 784 3014 832 nou

790 873 881 942 ad
932 870 1231 965 lapidem
1244 920 1267 957 ‚
1315 869 1387 937 in
1442 890 1582 959 quo
1633 867 1893 936 litterae
1912 942 1916 946 ,
1936 865 2184 936 dubiae
2221 867 2490 960 virgula
2540 876 2816 936 notatae
2867 866 3016 946 s‘mt,

790 976 916 1045 sed
966 975 1057 1045 ad
1096 972 1485 1065 exemplum
1533 970 1982 1063 inscriptionis
2001 1020 2022 1057 ‚
2078 969 2150 1038 in
2199 992 2343 1060 quo
2392 970 2544 1064 ipse
2595 992 2710 1039 eas
2759 970 3016 1040 linem

795 1080 1053 1174 virgula
1103 1076 1436 1146 notaverit
1451 1125 1474 1161 ‚
1525 1096 1676 1143 esse
1725 1072 2102 1145 referenda.

995 1181 1341 1274 Siglorum
1392 1178 1777 1271 smigmata
1795 1225 1816 1260 ‚
1883 1198 2084 1267 quae,
2108 1174 2511 1245 wolckerus
2548 1175 2620 1244 in
2677 1177 3019 1268 scriptura

788 1286 1121 1356 invenisse
1173 1282 1299 1352 sibi
1349 1284 1527 1352 visus
1581 1291 1719 1370 est,
1781 1281 1966 1349 nulla
2013 1281 2083 1348 in
2138 1302 2221 1349 ea
2264 1288 2417 1354 sunt
2435 1331 2456 1364 ‚
2520 1278 2645 1348 sed
2696 1302 2880 1369 quae
2921 1281 3017 1352 sic

790 1390 1095 1482 appellat
1133 1388 1395 1456 litterae
1445 1393 1598 1453 sunt
1645 1385 1877 1464 binae..
1940 1394 2175 1453 ternae
2197 1434 2218 1469 ‚
2271 1394 2636 1473 quaternae
2674 1382 3018 1452 communi

791 1494 972 1563 linea
1021 1491 1399 1588 copulatae.
1508 1488 1626 1558 Sic
1679 1489 1864 1574 NA,
1931 1491 2123 1573 NE,
2190 1488 2397 1576 ME,
2469 1490 2668 1576 ΠΡ,
2748 1488 3015 1573 ΝΜΕ,

793 1599 1049 1671 ΗΝΠ
1063 1645 1081 1675 ,
1150 1595 1518 1681 ΝΜΝΗ,
1583 1591 1892 1681 aliaeque
1933 1591 2192 1660 litterae
2241 1590 2312 1658 in
2361 1612 2565 1660 unam
2621 1591 3016 1660 coniunctae

790 1701 1082 1793 figuram
1127 1707 1283 1766 sunt
1333 1716 1454 1782 eo,
1507 1694 1699 1786 quod
1751 1695 1995 1786 prioris
2049 1694 2372 1784 cuiusque
2422 1694 2656 1762 ultima
2688 1693 2872 1764 linea
2919 1694 3015 1764 ai·-

790 1803 935 1872 111111
984 1801 1204 1894 prima
1255 1798 1593 1888 sequentis
1661 1808 1780 1867 est.
1894 1795 2281 1867 Obscurum
2347 1805 2552 1886 atque
2617 1797 3015 1889 ambiguum

790 1907 995 1998 plane
1042 1903 1241 1987 nihil,
1314 1901 1439 1972 sed
1489 1901 1713 1970 omnia
1766 1901 1948 1970 clare
1999 1897 2446 1990 distincteque
2496 1900 2898 1992 perscripta.

998 2008 1131 2076 Vbi
1173 2004 1572 2074 Welckerus
1635 2006 1837 2073 trium
1886 2026 2203 2073 versuum
2256 2002 2639 2095 fragmenta
2691 2003 3012 2089 exhibunt,

789 2113 856 2181 in
898 2113 1046 2205 ipsa
1096 2108 1528 2200 inscriptione
1570 2107 1739 2177 nihil
1781 2107 1907 2176 nisi
1957 2129 2167 2178 unum
2218 2115 2614 2199 corruptum
2654 2117 3011 2199 pentame-

789 2227 970 2284 trum
1023 2237 1206 2294 esse,
1272 2212 1654 2306 legentibus
1704 2211 1952 2281 librum
1990 2234 2187 2282 suum
2229 2232 2366 2280 non
2416 2210 2775 2280 iudicavit·
2830 2210 3011 2279 Hes-

791 2320 989 2389 selius
1040 2340 1179 2386 non
1229 2338 1406 2409 opus
1456 2315 1759 2384 habebat
1818 2315 1907 2384 de
1958 2337 2041 2384 ea
2103 2307 2193 2383 ‘re
2250 2313 2520 2403 dicere,
2581 2324 2659 2383 ut
2721 2313 2843 2404 qui
2891 2312 3009 2383 de·

790 2422 1045 2516 pictam
1110 2428 1653 2513 repraesentaret
1720 2418 1965 2510 lapidis
2031 2419 2456 2511 scripturam.
2568 2416 3009 2488 Welckerum

791 2547 954 2595 vero
974 2575 999 2609 ‚
1062 2524 1178 2613 qui
1234 2523 1737 2614 inscriptionem
1793 2522 2180 2614 vulgaribus
2242 2522 2426 2614 typis
2448 2570 2472 2609 ,
2537 2529 2607 2590 et
2662 2542 2794 2614 pro
2862 2543 3010 2590 me-

789 2639 898 2699 tro
970 2628 1038 2697 in
1088 2650 1319 2696 versus
1395 2625 1808 2713 distinctam,
1885 2634 2089 2717 atque
2158 2623 2335 2695 adeo
2400 2623 2516 2695 hic
2580 2624 2717 2695 illic
2787 2633 3010 2697 muta-

789 2742 931 2802 tam
983 2730 1332 2800 exhiberet
1347 2782 1368 2819 ‚
1410 2753 1616 2821 quam
1654 2731 1943 2800 maxime
1991 2729 2358 2823 oportebat
2407 2738 2726 2799 accurata
2751 2724 3010 2798 descri-

750 2837 1026 2930 -ptione
1083 2834 1358 2903 efficere
1374 2884 1395 2915 ,
1475 2842 1552 2903 ut
1614 2835 1903 2904 lectores
1960 2856 2137 2924 quae
2196 2829 2286 2901 ad
2336 2855 2483 2904 rem
2533 2832 2840 2902 facerent
2890 2855 3011 2901 co-

788 2958 1123 3034 gnoscere
1187 2945 1468 3030 possent
1533 2946 1740 3028 atque
1788 2936 2244 3030 perpendere.
2346 2936 2471 3007 ule
2523 2935 2714 3028 quod
2765 2936 3009 3025 omisit,

789 3065 970 3112 nunc
1023 3062 1159 3134 ego
1217 3040 1481 3109 faciam.
1586 3042 1700 3111 Ab
1753 3052 2052 3132 utroque
2093 3042 2304 3113 latere
2355 3040 2621 3132 figurae
2663 3040 3009 3109 muliebris

789 3147 1016 3239 posita
1067 3151 1172 3214 est
1221 3144 1599 3238 inscriptio,
1683 3153 1754 3214 et
1804 3145 2079 3235 quidem
2129 3145 2197 3213 in
2250 3142 2512 3212 sinistra
2557 3153 2760 3237 parte
2808 3142 3010 3213 disti-

792 3248 926 3318 cha
973 3250 1102 3317 tria
1158 3248 1388 3340 priora
1409 3298 1430 3337 ,
1492 3250 1562 3317 in
1622 3248 1862 3318 dextra
1913 3258 2229 3338 quattuor
2278 3247 2557 3337 reliqua.
2659 3247 3009 3317 Hesselius

788 3376 926 3421 non
976 3350 1282 3422 exhibuit
1315 3352 1685 3444 imag-inem
1736 3352 2051 3441 mulieris,
2106 3351 2230 3421 sed
2282 3350 2499 3420 solam
2541 3350 3010 3421 adumbratio-

788 3478 946 3534 nem
1000 3455 1199 3548 spatii
1214 3506 1234 3536 ,
1300 3455 1490 3545 quod
1532 3455 1650 3524 illa
1699 3456 2049 3549 implebat.
2160 3454 2356 3543 Quae
2408 3454 2603 3546 spatii
2646 3453 3008 3525 delineatio

788 3569 1139 3649 tamquam
1187 3558 1257 3626 in
1309 3559 1456 3627 solo
1508 3568 1639 3629 stat
1687 3560 1756 3628 in
1806 3561 1980 3628 linea
2029 3568 2407 3627 transversa
2460 3581 2591 3650 per
2633 3567 2856 3629 toturn
2907 3558 3008 3627 1-

785 3662 1022 3755 pidem
1089 3661 1316 3735 ducta.
1434 3661 1789 3733 Sinistrum
1872 3663 2042 3732 latus
2107 3660 2350 3754 lapidis
2417 3662 2711 3730 continet
2776 3683 3007 3730 versus

787 3766 974 3834 XIX.
1019 3787 1310 3854 quorum
1351 3763 1538 3839 xvi.
1569 3789 1775 3860 super
1816 3788 1899 3835 ea
1940 3767 2138 3856 linea,
2192 3765 2429 3854 reliqui
2459 3763 2575 3833 111.
2629 3764 2806 3835 iufra
2837 3772 3007 3834 sunt.

787 3868 1117 3938 Dextrum
1169 3869 1362 3953 latus,
1415 3868 1600 3940 cuius
1652 3870 1883 3963 paullo
1935 3870 2152 3939 maior
2190 3867 2474 3936 latitudo
2520 3877 2647 3947 est,
2697 3890 2837 3936 non
2889 3866 3010 3936 nim’

787 3971 975 4042 xvi.
1027 3995 1263 4041 versus
1315 3972 1560 4059 habet,
1611 3973 1731 4064 qui
1782 3973 1972 4064 quod
2015 3975 2162 4042 fere
2211 3970 2686 4064 xv1.pn·1mis
2738 3971 3006 4040 alterius

790 4075 1009 4143 lateris
1061 4075 1361 4143 versibus
1415 4076 1828 4168 respondent
1843 4126 1865 4161 ‚
1929 4098 2162 4147 omnes
2216 4083 2370 4148 sunt
2420 4097 2624 4167 supra
2675 4075 2875 4147 istam
2923 4073 3004 4142 li·

786 4201 986 4247 neam
1039 4179 1291 4269 scripti.
1378 4177 1522 4255 lam
1575 4202 1787 4270 quum
1838 4180 2077 4249 sinistri
2128 4179 2351 4247 lateris
2393 4179 2754 4271 postremis
2795 4178 3002 4247 tribus

784 4282 1088 4352 versibus
1137 4282 1303 4350 nihil
1354 4282 1424 4349 in
1477 4281 1717 4352 dextro
1768 4284 1977 4352 latere
2028 4282 2428 4376 oppositum
2474 4283 2591 4363 sit,
2644 4280 3001 4353 coniecisse

785 4385 1055 4455 videtur
1095 4385 1519 4470 Welckerus‚
1570 4406 1860 4455 vacuum
1913 4387 2080 4456 illud
2131 4385 2424 4479 spatium
2466 4385 2702 4456 litteris
2756 4384 2999 4477 imple-

782 4496 926 4556 tum
977 4489 1200 4560 fuisse.
1306 4486 1403 4560 At
1460 4488 1624 4559 nihil
1676 4491 1948 4561 omnino
2002 4513 2283 4560 caussae
2343 4498 2490 4559 erat
2538 4512 2663 4559 cur
2713 4489 2810 4559 sic
2859 4486 2996 4556 exi-
