3259 5275
783 486 913 549 m
1284 481 1870 544 INGREDOEILWM
1918 482 2145 543 LIBER
2189 481 2494 545 PRIMVS.

684 667 781 737 21
888 671 979 771 ἢν
1020 676 1105 746 δε
1156 666 1581 765 Νεμειήταο
1636 651 1813 769 adn
1867 665 2058 745 κατεῖ
2107 669 2346 765 ἅστρα
2403 674 2737 762 λεόντος,

889 780 961 850 εἰ
1005 777 1144 870 μὲν
1187 775 1301 848 ἐπὶ
1352 773 1602 873 πρώτῃ
1658 771 1784 872 ἠοῖ
1830 769 2109 869 δρόμον
2162 769 2567 864 intinctu,

884 874 1222 975 λήσεται,
1278 874 1451 951 οὐδέ
1494 906 1627 970 μιν
1681 874 1890 959 αὖτις
1939 878 2279 971 ἐφέστιον
2333 878 2449 950 οἷο
2495 877 2820 962 ἄνακτος

886 976 1236 1079 ἀθρήσειε
1288 974 1722 1075 θεράποντα
1775 975 2262 1103 φυγόπτολιν·
2330 983 2533 1054 εἶδέ
2577 1010 2616 1054 ιι
2679 988 2757 1057 ἐν
2813 981 2937 1079 ἠοῖ

885 1084 1225 1180 δευτατίῃ
1279 1086 1573 1180 αἴροιτο
1627 1078 1900 1184 φυγήν,
1946 1080 2036 1158 οὐ
2087 1076 2332 1156 πάντα
2392 1087 2702 1159 τελέσσει

881 1181 1396 1288 δρησμοσύνης.

777 1343 873 1412 Et
910 1344 981 1416 εἰ
1019 1339 1295 1433 quidem
1347 1350 1590 1433 postea
1633 1342 1925 1434 cognovi
1977 1364 2019 1407 a
2073 1340 2432 1433 Spitznero
2478 1364 2754 1432 quoque
2795 1343 2986 1410 resti-

779 1456 998 1516 tutum
1060 1469 1242 1526 esse,
1313 1469 1355 1512 a
1404 1469 1542 1536 quo
1584 1446 1702 1535 qui
1748 1445 2012 1537 accepit
2065 1441 2516 1532 Gerberffius,
2589 1469 2723 1514 non
2767 1455 2985 1513 tamen

776 1552 1000 1619 omnia
1032 1548 1437 1642 pel-sanavit.
1542 1548 1715 1617 Mox
1750 1550 1978 1642 pergit
2004 1547 2450 1618 Schaeferus:
2509 1549 2985 1636 „Praevideo

755 1654 943 1750 sore
993 1654 1115 1746 qui
1159 1653 1349 1722 talia
1395 1652 1762 1722 citerioris
1819 1651 2281 1723 Graecitatis
2321 1653 2646 1745 propria
2689 1653 2985 1723 dicant.-

776 1759 913 1829 sed
980 1758 1058 1826 hi
1125 1758 1402 1841 sciant,
1497 1757 1722 1825 etiam
1785 1757 1857 1825 in
1925 1756 2433 1826 vetustissimis
2504 1756 2984 1850 scriptoribus

773 1862 1113 1956 exempla
1156 1861 1368 1929 haias
1410 1860 1974 1930 constructionis
2016 1860 2194 1928 mihi
2245 1861 2680 1931 occurrisse.
2797 1861 2982 1954 Hip-

761 1975 1151 2061 pocrates‚
1208 1974 1288 2033 ut
1325 1965 1464 2033 hoc
1510 1974 1727 2049 utar,
1793 1963 1993 2035 Sect.
2035 1962 2097 2032 Ι.
2138 1987 2218 2057 p.
2256 1963 2341 2044 9,
2395 1961 2513 2033 18.
2567 1965 2685 2037 ed.
2743 1964 2982 2034 Fran-

776 2069 1040 2165 cqsort.
1110 2064 1332 2137 1595.
1402 2066 1491 2165 ἤν
1559 2096 1671 2147 τις
1737 2066 2134 2163 ἐπιχειροίη
2203 2069 2456 2158 λέγειν.
2476 2071 2534 2105 “
2635 2068 2981 2160 Leguutur

770 2175 947 2244 haec
986 2173 1197 2243 verba
1234 2195 1369 2241 non
1409 2171 1618 2265 longe
1649 2196 1691 2240 a
1713 2172 2047 2265 principio
2093 2171 2246 2238 libri
2276 2170 2364 2239 de
2389 2172 2598 2240 veteri
2630 2172 2977 2250 medicina,

771 2280 903 2350 vol.
932 2279 983 2346 1.
1017 2302 1089 2371 p.
1127 2274 1249 2347 23.
1300 2275 1407 2343 ed.
1440 2276 1629 2368 Lips.
1735 2278 1894 2344 Non
1936 2297 2212 2343 usurum
2255 2274 2459 2344 fuisse
2498 2274 2637 2344 hoc
2669 2278 2976 2368 exemplo

771 2383 1085 2452 dicebam
1105 2428 1125 2464 ‚
1179 2380 1233 2448 si
1276 2379 1581 2470 inspecta
1630 2378 1890 2448 Mackii
1937 2379 2229 2447 editione
2276 2400 2360 2446 ex
2400 2378 2607 2452 codd.
2647 2389 2975 2448 enotatam

771 2485 1049 2554 vidisset
1086 2506 1318 2552 veram
1348 2484 1748 2574 scripturam
1778 2485 2161 2578 ἑπιχειρέῃ

811 2740 929 2811 lim
973 2639 1268 2809 ΧΧὲξθ
1296 2639 1379 2712 Ρ.
1412 2637 1533 2707 90.
1598 2637 1679 2705 In
1704 2635 1982 2706 Lithicis
2014 2633 2305 2729 Orpheo
2332 2634 2595 2705 tributis
2628 2635 2976 2775 legebatur

767 2765 810 2812 ο
975 2765 1023 2810 v

866 2891 1055 2990 αἶψα
1099 2921 1265 3018 yap‘
1294 2885 1545 2991 ἦρωωτ
1596 2917 1772 2984 σφιν
1818 2894 2197 2986 ἐπέρχεται
2253 2888 2440 2974 εἶδος
2481 2885 2800 2985 ἄγαυόν,

866 3006 1023 3072 οἵτε
1075 2997 1265 3072 θεοῦ
1304 2998 1493 3089 μέγα
1551 2995 1787 3092 δῶρον
1838 2996 2329 3089 ἐπισταμένως
2383 2998 2760 3093 φορέουσι.

762 3153 870 3222 De
902 3152 1009 3222 his
1048 3152 1345 3222 versibus
1379 3151 1475 3220 sic
1508 3150 1808 3243 scripsit:
1853 3197 1898 3236 ‚‚
1921 3148 2395 3218 Hermannus
2428 3171 2665 3243 nuper
2699 3149 2971 3219 edidit.-

848 3312 952 3379 ὀἵ
998 3332 1077 3379 κε
1114 3305 1305 3379 θεοῦ
1353 3307 1542 3396 μέγα
1589 3303 1824 3399 δῶρον
1875 3303 2367 3394 ἐπισταμένως
2421 3305 2801 3399 φορέωσιν.

759 3456 924 3527 Sed
972 3480 1200 3551 neque
1251 3465 1448 3547 οἵτε,
1512 3478 1744 3551 neque
1802 3462 1886 3527 οἵ
1928 3482 2006 3526 κε
2040 3453 2337 3549 patitur
2406 3481 2456 3526 a
2509 3456 2688 3526 sede
2736 3459 2968 3527 nomi-

712 3566 716 3571 ’
754 3561 904 3649 nis,
958 3563 1067 3631 ad
1111 3563 1308 3659 qnod
1338 3559 1702 3655 refertur,
1754 3558 1906 3630 sive
1933 3559 2267 3652 eapressi
2294 3559 2514 3645 illius,
2568 3583 2698 3630 sen
2720 3570 2801 3631 nt
2829 3562 2965 3647 hic,

756 3664 1245 3757 ἐλλείποντος,
1316 3674 1473 3735 tam
1530 3666 1769 3757 longa
1819 3662 2374 3757 intercapedine
2426 3663 2680 3733 dirimi
2693 3689 2718 3733 .·
2774 3665 2965 3758 quod

752 3768 993 3837 minus
1055 3769 1279 3839 etiam
1344 3769 1516 3839 licet
1532 3817 1560 3850 ,
1615 3767 1681 3837 si
1719 3767 2190 3861 praecedunt
2230 3768 2710 3861 pronomina,
2781 3793 2960 3862 qna-

755 3871 863 3941 lia
918 3871 1039 3941 hic
1094 3868 1378 3960 αὐτῶν,
1433 3872 1605 3968 σφὶν
1615 3926 1646 3962 ,
1693 3871 1803 3940 ad
1843 3870 2041 3940 idem
2070 3893 2328 3940 nomen
2365 3870 2790 3965 referenda.
2865 3870 2961 3941 Id

757 3974 1130 4046 Gesneras
1178 3974 1474 4045 videtur
1512 3974 1866 4065 sensisse,
1927 3981 2084 4049 οἵτε
2131 3984 2423 4047 vertens
2475 3986 2546 4046 et
2575 3975 2668 4045 hi.
2744 3975 2955 4047 Scri-

753 4079 1072 4150 bendum
1110 4078 1483 4149 lenissima
1533 4080 1971 4149 mutatione.-

856 4238 930 4307 εἴ
971 4259 1053 4326 γε
1102 4235 1289 4306 θεοῦ
1337 4232 1527 4325 μέγα
1577 4231 1812 4327 δῶρον
1865 4232 2357 4322 ἐπισταμένως
2410 4232 2781 4326 φορέουσι.

752 4385 1071 4479 Saepius
1125 4383 1437 4478 confusa
1479 4386 1549 4457 εἰ
1596 4392 1667 4453 et
1721 4390 1870 4455 oi.“
1943 4383 2139 4451 Haec
2194 4381 2359 4451 mihi
2414 4404 2498 4450 ex
2540 4383 2721 4452 omni
2763 4395 2948 4476 parte

749 4511 791 4556 a
830 4511 993 4558 vero
1046 4488 1416 4560 abhorrere
1446 4487 1863 4558 videbantur.
1969 4488 2146 4555 Nam
2192 4493 2347 4559 οἵτε
2391 4495 2460 4554 et
2502 4493 2585 4558 οἵ
2625 4516 2700 4562 κε
2753 4510 2946 4578 quam
