3259 5275
804 498 888 560 IN
891 498 1390 564 CREDIBILIVM
1428 499 1661 562 LIBER
1704 498 2015 564 PRIMVS.
2391 509 2519 574 871

304 688 500 777 lisse,
554 688 679 758 sed
708 690 897 778 quod
927 691 1055 779 sic,
1106 698 1181 759 ut
1205 691 1335 781 ibi,
1386 713 1525 760 non
1560 700 2062 783 usurparentur.
2128 693 2309 764 Nam
2357 700 2523 790 poni

306 816 422 863 eas
486 794 558 861 in
622 793 959 886 principio
1028 794 1376 882 orationis,
1450 795 1824 864 cuiusmodi
1889 804 1960 865 et
2023 795 2137 864 illa
2203 820 2379 887 quae
2430 801 2522 869 ad

302 920 419 967 me
456 896 918 984 ,refutandum
979 899 1305 967 attulisset
1359 900 1674 990 exempla
1691 950 1713 988 ,
1793 908 1865 969 et
1931 922 2107 990 quae
2171 902 2321 990 quis
2386 904 2522 972 alia

301 1001 412 1071 his
475 1000 733 1078 addere
790 1001 1051 1094 ingenti
1112 1025 1396 1072 numero
1451 1012 1720 1095 posset,
1798 1025 1945 1073 esse
2007 1004 2250 1074 omnia.
2373 1007 2522 1077 Sed

300 1105 579 1176 memini
637 1128 751 1175 me
817 1104 992 1174 haec
1055 1105 1193 1174 iam
1260 1105 1561 1199 attigisse
1625 1108 1695 1175 in
1761 1107 1837 1175 iis
1909 1130 2085 1197 quae
2137 1109 2372 1202 scripsi
2430 1110 2519 1180 de

302 1207 399 1284 ἄν
449 1208 781 1302 particula
837 1208 894 1282 1.
940 1206 1071 1277 012.
1137 1212 1207 1279 in
1256 1211 1440 1280 Diar.
1510 1211 1707 1279 class.
1758 1210 1926 1284 fasc.
1980 1212 2229 1282 LXIX.
2278 1236 2352 1304 p.
2392 1212 2518 1283 4⁰.

509 1314 706 1382 Haec
761 1323 915 1381 sunt
952 1313 1101 1403 illa,
1161 1337 1337 1403 quae
1378 1315 1449 1382 in
1490 1314 1768 1405 publica
1812 1337 2022 1406 super
2061 1314 2518 1389 Meletematis

302 1416 762 1509 disputatione
799 1415 1046 1509 partim
1078 1419 1358 1509 protuli,
1401 1418 1649 1510 partim
1684 1418 1864 1488 volui
1890 1418 2221 1510 proferre.
2325 1420 2520 1490 Sitne

300 1521 375 1589 in
416 1522 491 1589 iis
508 1570 529 1608 ,
590 1519 780 1611 quod
822 1531 899 1588 ut
938 1521 1168 1611 inique
1214 1531 1416 1613 atque
1455 1521 1832 1592 adrodendi
1876 1522 2051 1592 illius
2092 1522 2244 1591 libri
2284 1545 2520 1594 caussa

302 1624 565 1694 dictum
593 1624 852 1716 culpari
880 1625 1130 1716 possit,
1180 1626 1314 1719 ipsi
1356 1626 1472 1716 qui
1516 1625 1692 1695 haec
1731 1626 2021 1719 legerint
2050 1628 2515 1697 aestimabunt.

299 1727 466 1820 Ego
498 1727 774 1818 quidem
804 1750 918 1823 me
958 1729 1241 1820 opinor,
1295 1729 1351 1798 si
1379 1729 1543 1820 quid
1569 1730 1639 1797 in
1664 1752 1775 1798 me
1807 1730 2313 1799 malevolentiae
2345 1730 2516 1802 fuis.-

301 1843 440 1914 set,
513 1830 848 1900 absurdae
902 1831 1211 1921 quidem,
1282 1842 1357 1901 ut
1398 1833 1466 1900 in
1511 1854 1698 1920 eum,
1763 1856 1968 1923 quem
2018 1833 2182 1901 mihi
2225 1835 2518 1904 amicum

300 1958 455 2004 esse
504 1944 860 2028 putarem3
926 1945 1042 2002 aut
1077 1936 1134 2003 si
1181 1936 1345 2027 quid
1385 1936 1709 2022 invidiae,
1763 1958 1973 2025 quae,
2018 1937 2320 2027 quamvis
2368 1946 2516 2006 tur-

298 2040 453 2132 pis,
502 2039 786 2107 fortasse
838 2039 907 2106 in
955 2037 1267 2127 homine,
1319 2041 1588 2129 qualem
1630 2061 1744 2108 me
1785 2063 1930 2108 esse
1971 2040 2103 2133 ipsi
2140 2041 2516 2130 complaci-

300 2154 449 2210 tum
495 2151 628 2228 est,
697 2142 951 2231 aliquid
991 2143 1227 2210 veniae
1276 2143 1697 2233 impetraret:
1765 2143 2007 2234 opinor
2024 2195 2045 2229 ,
2095 2143 2407 2233 inquam,
2460 2145 2519 2213 si

302 2244 475 2336 quid
508 2244 891 2313 huiusmodi
930 2246 997 2312 in
1037 2268 1148 2313 me
1185 2245 1448 2333 fuisset,
1501 2267 1709 2336 quam
1738 2244 2082 2314 habebam
2132 2235 2519 2338 disputandi

301 2350 656 2418 materiam
695 2349 918 2442 potius
962 2349 1033 2416 in
1067 2350 1197 2416 alia
1240 2349 1495 2441 capita,
1549 2371 1726 2438 quae
1767 2349 1981 2417 multo
2015 2347 2106 2416 ad
2145 2348 2519 2419 istiusmodi

302 2453 653 2521 consilium
686 2452 949 2543 aptiora
973 2451 1254 2521 inveniri
1278 2454 1585 2545 ,potuisse
1612 2453 1682 2520 in
1701 2461 2031 2545 promptu
2066 2462 2188 2540 est,
2214 2476 2420 2543 quam
2446 2453 2517 2522 in

299 2556 424 2624 illa
475 2555 982 2624 distributurum
1043 2555 1251 2625 fuisse
1265 2609 1286 2645 ,
1368 2579 1547 2647 quae
1610 2555 1776 2623 nihil
1849 2556 2266 2625 continerent
2327 2556 2516 2649 quod

180 2664 187 2671 ’
299 2681 443 2729 non
490 2660 562 2727 in
615 2661 917 2750 quemvis
968 2660 1171 2728 alium
1214 2661 1458 2728 librum
1509 2659 1801 2728 caderet.
1918 2661 2096 2728 Nam
2161 2660 2309 2750 quis
2358 2683 2518 2729 um-

301 2785 512 2854 quam
559 2764 733 2832 liher
785 2764 1071 2855 scriptus
1125 2775 1226 2832 est
1242 2819 1269 2854 ,
1323 2764 1447 2833 nisi
1502 2763 1679 2831 forte
1732 2760 2003 2831 alicuius
2059 2764 2517 2833 mathematici

303 2889 393 2935 ex
439 2867 594 2935 solis
639 2868 1053 2958 compositus
1083 2868 1373 2936 numeris
1392 2918 1413 2955 ,
1479 2867 1549 2934 in
1591 2889 1728 2957 quo
1771 2890 1911 2935 non
1954 2867 2207 2956 aliquid
2246 2868 2513 2957 falsum,

302 2970 560 3061 aliquid
601 2994 736 3038 non
778 2980 1091 3039 accurate
1131 2971 1424 3056 dictum,
1487 2969 1742 3060 aliquid
1784 2992 2362 3061 supervacaneum
2402 2971 2614 3044 aut-29

303 3096 443 3164 que
469 3074 697 3142 inutile
725 3076 1150 3167 reperiatur?
1252 3074 1398 3143 Sed
1435 3074 1588 3141 satis
1618 3072 1707 3140 de
1736 3071 1861 3140 his.

510 3177 645 3247 Hic
694 3186 796 3246 est
835 3178 1010 3247 liber
1056 3178 1317 3269 primus
1375 3174 1898 3263 incredibilium,
1963 3175 2081 3265 qui
2125 3181 2226 3242 est
2263 3174 2515 3266 prolo-

302 3304 457 3375 gus.
565 3280 703 3366 Qui
754 3289 1151 3372 sequentur,
1201 3280 1272 3348 in
1307 3280 1417 3367 iis,
1468 3279 1646 3347 utin
1672 3276 1831 3363 hoc,
1875 3299 2052 3367 quae
2083 3277 2284 3364 facta,
2336 3299 2514 3367 quae

303 3406 443 3454 uon
492 3383 676 3451 facta
718 3394 909 3470 sunt,
977 3385 1072 3453 sic
1111 3392 1187 3452 ut
1241 3393 1394 3453 sunt
1428 3383 1611 3450 facta
1657 3380 1767 3448 vel
1810 3403 1948 3448 non
1991 3381 2206 3472 facta,
2269 3380 2430 3448 inde
2471 3403 2515 3448 a

303 3488 529 3580 prima
577 3488 750 3556 inter
790 3511 902 3556 me
937 3497 1004 3556 et
1042 3486 1487 3556 Schaeferum
1522 3484 1755 3554 notitia
1797 3470 2146 3552 enarrabo.
2248 3483 2514 3554 Eorum

304 3592 378 3659 in
427 3612 561 3659 uno
608 3591 758 3683 ipse
796 3606 922 3659 'me
962 3592 1197 3684 magni
1236 3590 1408 3658 illius
1455 3598 1524 3658 et
1563 3610 1933 3678 numquam
1975 3586 2322 3680 expiandi,
2387 3586 2511 3681 sed

305 3705 536 3763 tamen
586 3717 725 3763 non
775 3694 1164 3787 poenitendi
1208 3694 1492 3762 criminis
1530 3713 1723 3761 reum
1768 3691 2176 3778 confitebor,
2224 3700 2510 3783 propter

303 3797 529 3888 quod,
579 3820 668 3866 ne
702 3799 830 3866 alia
854 3821 1227 3866 memorem
1262 3796 1495 3890 capitis
1521 3795 1858 3889 pericula,
1918 3794 2186 3863 fortuna
2213 3794 2512 3884 quadam

303 3900 652 3970 Hesiodea
711 3902 814 3970 bis
867 3903 1066 3970 morti
1126 3901 1321 3970 datus
1374 3911 1577 3990 atque
1622 3899 2112 3991 epigrammate
2151 3898 2515 3990 sepulcrali

305 4003 679 4073 honoratus
725 4006 914 4095 vivo,
982 4028 1160 4074 nunc
1204 4014 1427 4073 autem
1471 4002 1776 4088 tertium,
1844 4002 1959 4091 qui
2002 4023 2115 4069 me
2166 4000 2513 4069 eradicare

306 4108 438 4178 sibi
488 4108 701 4192 visuS‚
769 4109 1169 4201 permutatis
1226 4104 1542 4201 ‘personis
1605 4105 1676 4172 in
1726 4115 1939 4172 semet
1990 4105 2232 4192 saevit,
2295 4104 2384 4172 ab
2426 4126 2512 4172 eo

307 4212 605 4303 sospitor
643 4235 725 4280 ac
767 4214 1159 4305 superstitor
1188 4212 1338 4305 ipso
1357 4261 1378 4293 ‚
1428 4231 1798 4299 verumque
1832 4230 1980 4276 esse
2028 4208 2217 4299 quod
2256 4206 2513 4275 dictitat

310 4316 657 4407 experior,
724 4312 766 4387 ὁ
814 4309 1094 4410 τρώσας
1133 4315 1250 4388 καὶ
1292 4309 1617 4388 lalana..-
1666 4311 1836 4380 illud
1881 4313 2133 4379 crimen
2183 4309 2371 4393 dico,
2425 4331 2511 4378 ex

305 4416 498 4485 haud
527 4418 789 4509 magnis
827 4442 1049 4508 neque
1091 4418 1529 4487 aerumnabili
1570 4415 1806 4484 labore
1840 4414 2048 4506 partis
2088 4412 2332 4505 opibus
2357 4434 2510 4480 me-

308 4521 524 4592 diocri
569 4543 770 4592 sanae
814 4523 1052 4591 mentis
1091 4544 1217 4591 usu
1247 4523 1424 4592 ultra
1466 4542 1586 4591 seu
1618 4540 1859 4611 sapere
1894 4539 2012 4584 seu
2042 4515 2357 4607 desipere
2383 4537 2511 4587 au·-

1860 4634 2093 4707 Aaz
