3259 5275
989 489 1158 551 [ΑΒ.
1207 490 1288 551 11.
1370 488 1566 552 cAP.
1610 497 1673 558 9.
2315 499 2437 562 Ul

242 679 506 750 defendi
533 683 781 773 potest,
823 687 1045 748 tamen
1080 701 1221 749 ιιοιι
1251 681 1707 773 praetulerim.
1812 683 2024 769 Quod
2051 684 2302 762 editum
2337 707 2439 767 est

240 791 355 864 ἕως
401 781 496 857 ἄν
510 832 531 872 ,
585 791 803 852 metro
848 792 1229 877 repugnat,
1281 808 1405 853 nec
1453 784 1739 877 prodest
1780 792 2177 884 sententiae,
2228 799 2436 890 siqui-

237 888 444 955 dem
425 909 562 954 nam
599 885 782 954 facto
817 888 1331 978 comprobatum
1373 898 1474 957 est
1518 888 1685 956 illud
1714 894 2095 983 oraculum,
2155 900 2438 975 florente

236 990 464 1083 populi
495 990 727 1058 studiis
760 990 885 1058 isto
915 989 1383 1083 Paphlagoue.
1489 991 1870 1085 Sophocles
1902 996 2155 1074 Trach.
2191 1003 2362 1077 147.

424 1137 598 1217 αλλ’
630 1139 921 1239 ἡδοναῖς
950 1139 1292 1236 ἆμοχθον
1321 1141 1582 1239 ἐξαίρει
1604 1144 1775 1238 βίον

422 1250 495 1327 ἐς
523 1241 793 1335 τοῦθ,
836 1250 961 1326 ἕως
988 1272 1099 1327 τις
1129 1241 1296 1319 ἀντὶ
1328 1249 1709 1342 παρθένου
1744 1275 1920 1347 γυνη

419 1347 695 1446 νληθῇ,
746 1343 931 1444 λάβῃ
965 1376 1012 1421 τ
1073 1352 1165 1421 ἐν
1178 1348 1378 1423 νυκτὶ
1407 1349 1819 1446 φροντίδων
1844 1355 2147 1453 μέρος,

423 1450 599 1548 ἤτοι
626 1445 806 1547 πρός
833 1443 1094 1546 ᾰνδρος
1127 1449 1174 1549 ἢ
1207 1454 1473 1526 τέκνων
1503 1457 1945 1556 φοβουμένη.

236 1604 441 1674 Multo
487 1604 711 1697 magis
751 1612 975 1672 autem
1014 1611 1175 1695 apta
1221 1614 1325 1674 est
1368 1603 1543 1676 haec
1581 1608 1749 1676 ratio
1765 1660 1787 1698 ,
1838 1611 1954 1679 ubi
1993 1612 2083 1683 de
2121 1638 2197 1685 re
2228 1640 2437 1709 prae-

236 1718 442 1796 sente,
495 1708 795 1798 ideoque
823 1716 1040 1796 certa,
1080 1730 1301 1803 sermo
1337 1719 1455 1779 est.
1561 1709 1902 1784 Homerus
1928 1714 2124 1787 Iliad.
2158 1741 2236 1815 ψ.
2261 1720 2384 1796 46

1053 1860 1206 1935 ἐπεὶ
1236 1860 1327 1937 οὔ
1355 1860 1449 1960 μ’
1474 1865 1586 1939 ἔτι
1615 1857 1956 1958 δεύτερον
1984 1865 2121 1946 ωδε

422 1957 609 2046 ἵξετ’
637 1958 811 2052 ἄχος
845 1963 1185 2061 κραδίην,
1240 1963 1437 2064 ὄφρα
1471 1962 1719 2056 ζόοισι
1745 1969 2031 2061 μετείω.

238 2098 610 2193 Sophocles
645 2100 922 2169 Electra
946 2123 1010 2174 v.
1043 2099 1215 2177 223.

422 2233 596 2312 ἀλλ’
625 2241 702 2311 ἐν
734 2230 875 2335 γοῖρ
903 2240 1161 2322 δεινοῖς
1189 2234 1281 2313 οὐ
1312 2231 1545 2338 σχήσω

418 2334 702 2422 ταύτας
726 2338 941 2428 ἄτας,

422 2441 628 2541 ὄφρα
661 2464 766 2536 με
782 2442 1013 2538 βίος*
969 2473 1113 2542 εχῃ.

242 2577 587 2673 Euripides
621 2578 868 2654 Oreste
899 2606 961 2657 v.
994 2581 1165 2652 237.
1221 2578 1431 2674 (231.
1461 2580 1689 2673 Pers.)

424 2734 652 2809 ἄκουε
679 2729 769 2832 δη
794 2735 959 2826 νῦν,
1014 2766 1066 2810 ω
1108 2734 1535 2857 κασίγνητον
1561 2728 1793 2859 κάρα,

429 2844 558 2920 ἕως
589 2839 755 2912 &mol
779 2835 852 2912 c'
882 2835 966 2913 εὖ
988 2845 1285 2937 φρονεῖν
1319 2832 1705 2937 Ἐριννύος.

249 2987 664 3083 Quamquam
685 2991 800 3060 hic
829 2992 1104 3082 quidem
1136 2995 1337 3063 etiam
1362 2992 1757 3063 indicativus
1786 3017 1934 3064 esse
1957 3001 2200 3086 potest.
2255 2994 2446 3066 Con-

250 3100 339 3161 tra
367 3095 522 3164 vide
556 3095 776 3164 illud
755 3119 825 3164 ιιι
851 3096 1071 3190 Soph.
1117 3094 1297 3167 Oed.
1326 3098 1530 3192 Rege
1562 3095 1737 3166 834.

435 3245 614 3369 ἡμῖν
645 3249 826 3342 μὲν,
880 3246 1104 3336 ὦναξ,
1155 3246 1378 3325 ταῦτ’
1404 3242 1685 3348 ἀνήρ’·
1711 3254 1865 3370 ,ἕως
1895 3250 1966 3323 δ’
1998 3275 2091 3321 αν
2125 3241 2259 3321 οὖν

435 3377 619 3449 προς
643 3351 784 3426 τοῦ
813 3346 1173 3450 παρόντος
1203 3347 1562 3451 ἐκμάθῃς,
1618 3353 1699 3444 ἔχ
1711 3348 2032 3428 ’ἑλπίδα.

256 3501 568 3575 Incertum
604 3513 707 3574 oet
744 3505 959 3590 enim,
1011 3528 1099 3574 an
1142 3507 1226 3575 sit
1265 3505 1606 3575 auditurus
1648 3505 1781 3574 ille.
1886 3503 2031 3576 Sed
2068 3503 2271 3572 nemu
2315 3524 2453 3572 ιιοιι

259 3606 451 3695 videt,
529 3610 654 3677 etsi
701 3609 1023 3678 omittitur
1072 3606 1164 3682 ἄν
1225 3609 1293 3677 in
1338 3632 1413 3678 re
1468 3618 1654 3678 certa
1705 3608 2164 3702 designanda,
2226 3615 2454 3676 tamen

259 3711 448 3779 multa
478 3735 626 3781 esse
650 3713 745 3780 ita
775 3721 1201 3806 comparata,
1249 3720 1326 3779 ιιι
1356 3733 1494 3781 non
1522 3712 1653 3780 siut
1684 3713 2066 3782 necessario
2094 3732 2226 3804 pro
2254 3712 2451 3779 certis

261 3812 356 3880 vel
380 3815 646 3886 incertis
680 3815 1051 3889 afferenda.
1117 3815 1356 3906 ltaque
1389 3838 1526 3886 ιιοιι
1553 3816 1796 3884 mirum
1824 3825 1956 3900 est,
2008 3815 2064 3884 si
2091 3813 2454 3903 aliquando

262 3914 442 3985 etiam
483 3919 737 3989 incerta
780 3927 855 3986 ut
899 3928 1121 4006 certa,
1172 3941 1376 4011 saepe
1416 3927 1645 3987 autem
1684 3927 1870 3986 certa
1897 3927 1973 3987 ut
2010 3919 2262 3986 incerta
2286 3939 2447 4009 pro-

262 4015 563 4090 feruutur.
638 4013 872 4091 Prouti
903 4022 1087 4091 'euim
1116 4020 1532 4108 consideres,
1575 4021 1761 4098 ¹hanc
1790 4022 1899 4090 vel
1929 4021 2126 4089 aliam
2160 4020 2457 4113 speciem

261 4117 608 4196 habebunt.
706 4126 811 4194 Ita
870 4125 1059 4217 quod
1102 4145 1186 4192 ex
1227 4124 1504 4194 Electra
1551 4124 1916 4217 Sophoclis
1955 4125 2288 4193 attulimus
2302 4169 2323 4208 ,
2388 4123 2458 4190 in

272 4224 492 4295 cad-
521 4227 752 4297 fabula
777 4251 840 4298 v.
877 4226 1047 4297 1⁰3.
1082 4249 1237 4295 cum
1267 4227 1598 4319 particula
1621 4227 1716 4301 ἄν
1740 4228 2148 4299 dictumest:

452 4375 611 4454 ἀλλ’
644 4375 897 4504 adfatu
925 4373 1015 4479 δή
1039 4372 1220 4504 λ’ἤξω
1251 4373 1546 4479 θρήνων

454 4508 808 4583 στυγερων
858 4509 943 4557 τε
990 4509 1216 4577 γοων,
