3259 5275
781 493 913 557 ’ω
1041 488 1157 550 DE
1203 484 1674 550 AESCHYLI
1717 485 2309 550 Pnomssruzo
2350 488 2740 554 soLvTo

782 693 893 751 ιιιι·
934 680 1004 749 in
1045 678 1239 754 lexici
1269 676 1443 746 illius
1474 674 1776 756 editione
1805 676 2133 747 librorum
2167 680 2569 772 scripturum
2611 682 2992 768 Pmovha,

782 806 1057 854 aereum
1087 783 1338 852 tonitru
1361 778 1495 850 dici
1523 790 1745 849 ratus·
1794 803 1953 849 nam
1981 780 2232 872 ubique
2259 783 2372 853 ille
2398 795 2468 854 et
2497 785 2720 879 ipsum
2744 808 2992 857 nomm

781 878 1159 983 κεραυνός
1211 896 1281 955 et
1326 905 1504 975 quae
1543 905 1631 952 ex
1670 906 1756 952 eo
1798 886 2179 977 composita
2215 897 2407 975 sunt,
2459 888 2550 957 ad
2591 890 2845 959 tonitru
2881 915 2996 961 re-

779 992 953 1060 fert:
1005 988 1193 1080 quod
1236 1010 1375 1058 non
1426 987 1656 1056 facere
1703 986 1959 1062 debuit.
2063 938 2490 1084 Brequigriyi
2533 994 2994 1064 coniecturum

779 1090 1343 1186 χαλαοκελαίνων
1404 1100 1664 1160 tautum
1724 1113 1812 1160 ne
1867 1092 2293 1183 praeteriisse
2360 1094 2597 1165 videar
2657 1118 2990 1173 memoro.

776 1198 938 1267 Veri
979 1195 1191 1264 simile
1240 1204 1344 1263 est
1359 1244 1381 1284 ,
1433 1216 1666 1262 ansam
1706 1193 2051 1285 Aeschylo
2098 1194 2366 1267 dedisse
2385 1248 2407 1286 ‚
2460 1208 2538 1267 ut
2575 1201 2749 1274 aeris
2798 1225 2995 1270 men-

774 1301 1024 1370 fionem
1055 1300 1347 1390 faceret,
1398 1297 1776 1367 Homerum
1813 1295 1952 1370 Od.
1981 1327 2044 1393 y.
2079 1297 2152 1376 1

975 1434 1271 1517 Ηέλιος
1300 1431 1371 1510 δ’
1402 1427 1793 1557 οἶνόρουσε,
1844 1429 2072 1509 λιπων
2101 1437 2532 1534 περικαλλέα
2563 1436 2858 1540 λίμνην,

981 1533 1298 1634 οὐρανόν
1334 1540 1401 1618 ἐς
1429 1531 1901 1628 πολύχαλκον

771 1678 1125 1749 Praeteriit
1198 1675 1334 1744 hoc
1421 1673 1593 1742 caeli
1685 1696 2069 1766 cog-nomen
2148 1675 2566 1748 doctissimus
2655 1681 2995 1774 interpres

775 1781 1181 1853 Nitzschius.
1285 1777 1464 1846 Mihi
1504 1798 1643 1845 non
1684 1776 1868 1845 idem
1904 1778 2095 1867 quod
2135 1772 2430 1870 χάλκεος
2472 1791 2541 1850 et
2572 1775 2759 1864 Διος
2801 1790 2994 1875 χαλ-

775 1885 1079 1980 κοβατὲς
1112 1880 1252 1971 δοῖ,
1305 1880 1428 1950 sed
1459 1879 1895 1972 splendidum
1931 1904 2134 1950 aerea
2170 1883 2587 1974 supellectile
2620 1908 2992 1957 ornamen-

771 1991 989 2081 tisque
1038 1986 1303 2056 videtur
1344 1984 1745 2076 sig-nificare.
1851 1986 2030 2053 Nam
2071 1986 2174 2054 bis
2217 1995 2474 2054 tantum
2520 1987 2611 2057 de
2649 1991 2848 2059 caelo
2881 1991 2992 2059 di-

772 2104 990 2175 ctum,
1040 2090 1157 2159 hic
1193 2099 1262 2158 et
1288 2086 1477 2155 Iliad.
1511 2114 1567 2161 ε.
1598 2085 1770 2154 504.
1804 2087 1873 2154 in
1902 2088 2183 2157 caeteris
2206 2089 2370 2158 locis
2405 2089 2681 2160 divitem
2708 2107 2779 2162 et
2804 2117 2994 2186 opu-

770 2198 1026 2267 lentum
1066 2200 1285 2266 nolatt
1338 2189 1526 2258 Iliad.
1575 2217 1638 2263 ιι.
1670 2186 1843 2257 315.
1878 2217 1939 2263 o.
1980 2190 2152 2261 289.
2208 2190 2346 2266 od.
2388 2217 2450 2265 ο.
2476 2191 2650 2266 424.
2752 2198 2993 2288 Atque

765 2299 1150 2390 Aeschylus
1181 2293 1457 2386 quidem
1492 2309 1717 2383 qunm‘
1746 2295 1966 2362 lacum
1980 2349 2008 2384 ,
2063 2297 2132 2363 in
2182 2317 2388 2386 quem
2432 2296 2559 2366 Sol
2611 2299 2993 2393 immerge-

767 2412 952 2473 retur
973 2453 994 2490 ,
1046 2399 1217 2469 aeris
1255 2398 1477 2488 aliqua
1509 2406 1669 2466 nota
1706 2398 2081 2489 insignivit,
2133 2400 2285 2490 ipse
2330 2422 2606 2491 quoque
2645 2404 2761 2471 vix
2800 2404 2994 2473 aliud

764 2529 971 2596 quam
1020 2501 1455 2596 splendorem
1493 2500 1720 2569 dicere
1749 2502 1968 2592 potnit
1983 2549 2004 2587 ,
2070 2501 2201 2569 hac
2235 2503 2436 2572 etiam
2485 2505 2554 2572 in
2611 2529 2689 2576 re
2733 2506 2991 2578 ducem

764 2608 1026 2679 habens
1056 2607 1478 2690 Homerum,
1519 2604 1708 2697 apud
1743 2627 1948 2696 quem
1978 2614 2079 2675 est
2107 2605 2296 2675 Iliad.
2329 2634 2388 2679 κ.
2421 2605 2593 2678 153.

2172 2742 2347 2841 τῆλε
2379 2744 2459 2818 δὲ
2487 2740 2747 2837 χαλκεῖς

972 2841 1248 2944 λάμφ’,
1297 2845 1469 2930 ὥστε
1499 2871 1818 2943 crepam]
1847 2872 2127 2943 naz-poc
2154 2846 2362 2930 Διός.

662 2990 765 3061 17
780 2997 848 3057 et
889 3010 1113 3080 prope
1149 2958 1392 3056 iisdem
1432 2985 1652 3053 verbis
1685 2987 1744 3057 λ.
1788 2979 1911 3054 65.
2012 2984 2362 3055 Persimile
2386 2984 2526 3073 his,
2578 2986 2826 3073 fateor,
2882 3000 2991 3059 aet

762 3092 1362 3188 χαλκοκέραυνοςε
1428 3087 1639 3157 modo
1680 3088 1828 3176 quis
1876 3087 2158 3173 doceat,
2211 3081 2608 3185 κεραυνόν,
2663 3113 2805 3181 quo
2848 3115 2987 3161 no-

761 3196 942 3264 mine
987 3194 1243 3262 fulmen
1283 3193 1529 3263 feriens
1565 3201 1882 3276 vocatur,
1934 3188 2116 3259 idem
2157 3214 2304 3259 esse
2346 3190 2537 3281 quod
2565 3188 2983 3290 α’στρατεῆν,

761 3299 879 3389 qui
906 3308 1007 3366 est
1034 3320 1389 3366 coruscans
1423 3296 1658 3387 fulgor
1685 3294 1998 3367 fulminis,
2094 3292 2276 3362 Mihi
2304 3293 2479 3363 haec
2507 3302 2648 3362 tam
2683 3298 2984 3367 insolens

761 3402 1157 3494 significatio
1195 3400 1493 3486 videtur,
1545 3408 1623 3466 ut
1660 3396 1861 3466 valde
1917 3405 2302 3489 suspectam
2338 3396 2665 3467 habeam..
2758 3399 2982 3469 Intel-

756 3503 1040 3597 ligerem
1082 3494 1734 3597 χαλκομοῖραυγον,
1789 3499 1976 3591 quod
2014 3501 2236 3593 ipsum
2285 3501 2375 3570 ab
2416 3501 2729 3571 Homero
2777 3527 2981 3573 com-

752 3606 1250 3676 mendationem
1275 3604 1488 3674 habet
1516 3603 1710 3679 Iliad.
1732 3631 1793 3677 v·
1829 3601 2003 3678 340.

1746 3737 1919 3814 ὄσσε
1950 3736 2023 3815 δ’
2008 3738 2369 3862 αμερδεν

960 3839 1148 3943 αὖγῆ
1181 3845 1470 3945 χαλκείη
1501 3836 1845 3941 κορύθων
1877 3837 2028 3918 ἄπο
2054 3836 2617 3938 λαμπομενάων.

749 3984 1220 4106 Μαραυγεῖν,
1251 3982 1440 4074 quod
1466 3981 1868 4051 Plutarchus
1896 3980 1985 4050 ab
2014 3980 2496 4073 antiquioribus
2525 3982 2742 4078 petiit,
2775 3981 2974 4108 (nam

753 4112 980 4183 ωςπερ
1018 4114 1157 4181 γαρ
1189 4113 1279 4160 το
1316 4079 1658 4181 λαμπρον
1688 4078 1874 4180 φάος
1903 4084 2329 4180 μαραυγίαν
2358 4086 2789 4183 περιτίθησι
2812 4092 2972 4168 τοῖς

752 4184 1173 4282 ὄφθαλμοις
1184 4189 1526 4282 Archytas
1543 4188 1710 4257 dixit
1739 4187 1930 4280 apud
1947 4187 2322 4258 Stobaeum
2335 4190 2555 4261 Serm.
2570 4188 2800 4282 181.)
2829 4212 2969 4259 non

751 4314 888 4386 ego
919 4293 1216 4384 quidem,
1258 4304 1332 4363 ut
1356 4291 1748 4364 Lobeckius
1777 4291 1868 4360 ad
1897 4291 2156 4385 Phryn.
2184 4314 2263 4386 p.
2293 4291 2472 4367 6712
2506 4294 2560 4363 si
2588 4314 2748 4363 eum
2775 4302 2967 4362 recte

750 4395 1052 4490 intelligo
1068 4449 1090 4487 ,
1155 4397 1525 4469 communis
1570 4395 1892 4465 sermonis
1933 4418 2062 4465 usu
2103 4397 2523 4488 obliquatum
2568 4407 2641 4467 et
2689 4406 2963 4466 contra-

751 4500 1272 4590 ctumdimfim,
1323 4500 1448 4572 sed
1487 4522 1574 4570 ex
1621 4500 1771 4593 ipsa
1810 4497 2042 4570 radice
2075 4499 2476 4591 formatum,
2528 4523 2616 4572 ex
2643 4523 2783 4593 qua
2811 4508 2963 4571 smt
