3259 5275
754 521 843 587 oz
1261 490 1264 493 “
1447 515 1565 578 σε
1634 514 2181 578 PARTlchA
2225 511 2320 580 ἄν

693 740 702 747 ·
758 711 884 809 γῆς
915 701 1433 805 κατορύεουσι,
1488 709 1638 781 εἴτε
1666 706 2132 801 ἕκκομίσουσι
2163 711 2232 788 ἐς
2261 706 2485 805 ἄλλην
2521 702 2777 807 χώρην.
2839 710 2971 781 Sed

758 815 949 908 apud
970 811 1501 882 Demosthenem
1529 811 1598 879 in
1621 811 1877 904 Euerg.
1907 820 1974 879 et
1998 809 2290 885 Mnesib.
2312 835 2384 904 p.
2416 810 2642 901 1160,
2670 813 2742 882 9.
2769 810 2972 887 α’κού-

760 944 1016 997 σαντες
1050 917 1134 989 δέ
1166 942 1316 1008 μου
1362 921 1435 986 οἱ
1463 913 1786 1013 ἐξηγηταὶ
1819 915 2107 1002 ταῦτα,
2162 909 2438 1012 ἤροντό
2474 944 2570 1008 με
2584 971 2612 1006 ,
2667 909 2972 1012 πότερον

758 1014 1241 1118 ἐξηγήσωνταί
1301 1045 1438 1111 μοι
1497 1012 1774 1111 μόνον,
1863 1016 1909 1114 ἦ
1956 1017 2078 1089 καὶ
2127 1014 2781 1109 συμβουλεύσωσιν.
2880 1021 2973 1088 lta

757 1123 1036 1215 quidem
1079 1120 1392 1190 Reiskius
1425 1143 1580 1189 cum
1627 1121 1780 1189 cod.
1813 1120 1981 1189 Bav.
2014 1129 2082 1189 et
2106 1120 2467 1189 Bekkerus
2485 1172 2505 1208 ‚
2558 1122 2745 1214 apud
2781 1146 2974 1213 quem

759 1228 898 1296 duo
922 1225 1127 1298 codd.
1154 1234 1229 1294 ut
1260 1224 1470 1317 vulgo
1493 1217 1992 1320 ἐξηγήσονται,
2027 1225 2197 1292 sicut
2226 1224 2294 1292 in
2315 1225 2651 1294 Herodoti
2676 1227 2829 1294 loco
2859 1227 2975 1294 ali-

760 1340 927 1421 quot
945 1329 1147 1398 codd.
1178 1328 1629 1396 coniunctivos
1648 1328 2000 1419 praebent.
2055 1327 2229 1394 Mihi
2250 1328 2524 1416 quidem
2553 1339 2621 1397 et
2636 1329 2822 1421 apud
2836 1330 2974 1397 He-

759 1435 1077 1504 rodotum
1107 1442 1390 1522 uterque
1420 1430 1904 1515 coniunctivus‚
1958 1440 2027 1497 et
2053 1430 2239 1523 apud
2267 1430 2802 1502 Demosthenem
2835 1438 2974 1528 ἑξη-
3084 1492 3093 1497 .

755 1534 2119 1730 {ama2⁹33¹322¹510¹32⁶2331303323
2150 1533 2378 1728 ‘33:33
2408 1536 2537 1707 32:2¹
2565 1537 2974 1725 {225332333

756 1754 874 1816 aut
889 1744 1187 1836 optativi.
1243 1743 1424 1810 Nam
1439 1742 1494 1809 si
1511 1741 1970 1808 coniunctivus
1991 1740 2079 1809 de
2097 1764 2203 1825 eo,
2230 1741 2418 1831 quod
2439 1753 2751 1835 oportet3
2786 1752 2971 1834 opta-

755 1850 929 1918 tivus
956 1856 1180 1915 autem
1206 1846 1296 1914 de
1323 1868 1431 1931 eo,
1476 1844 1670 1934 quod
1695 1845 1843 1934 quis
1873 1853 2143 1912 censeat
2158 1844 2546 1913 faciendum
2574 1870 2745 1936 esse,
2789 1869 2975 1913 usur-

756 1961 991 2046 patur:
1015 1950 1344 2043 ‘futurum
1381 1949 1471 2016 ad
1514 1971 1595 2016 ea
1639 1947 1904 2015 videtur
1938 1947 2196 2035 referri,
2250 1949 2321 2015 in
2363 1950 2606 2038 quibus
2642 1973 2862 2040 neque
2898 1973 2976 2016 an

757 2055 1052 2125 debeant
1085 2054 1266 2141 fieri,
1318 2074 1544 2142 neque
1571 2075 1660 2120 an
1689 2060 1959 2120 censeat
2000 2053 2148 2142 quis
2179 2051 2403 2120 futura
2432 2077 2618 2137 esse,
2673 2053 2795 2122 sed
2826 2054 2975 2120 sim-

755 2160 1024 2254 pliciter
1055 2182 1142 2228 an
1182 2158 1312 2227 sint
1347 2157 1575 2225 futura
1625 2156 1990 2246 quaeritur,
2043 2157 2085 2224 i.
2121 2179 2181 2228 e.
2212 2179 2333 2243 an,
2386 2158 2618 2248 siquis
2660 2181 2742 2225 ea
2765 2157 2974 2238 faciat,

758 2263 1083 2333 effectum
1112 2262 1386 2330 daturus
1416 2261 1532 2347 sit,
1585 2259 1663 2327 id
1691 2260 1877 2349 quod
1911 2260 2056 2328 fere
2100 2259 2286 2328 idem
2315 2268 2415 2328 est
2446 2270 2653 2350 atque
2680 2284 2765 2327 an
2793 2260 2977 2327 liceat

757 2368 1010 2440 facere.
1063 2366 1301 2455 Itaque
1330 2374 1399 2433 et
1430 2363 1617 2455 apud
1652 2363 2086 2432 Herodotum
2116 2373 2302 2431 recte
2325 2386 2398 2431 se
2431 2364 2786 2433 habebunt
2811 2362 2974 2431 indi-

758 2470 957 2539 cativi
1017 2478 1085 2537 et
1143 2469 1210 2535 iu
1249 2464 1727 2536 Demosthenis
1774 2468 1930 2535 loco
1972 2477 2132 2559 apte
2178 2469 2447 2560 legetur
2494 2463 2973 2566 ἐξηγήσονται,

755 2568 1354 2666 interrogabant,
1406 2564 1657 2641 utrum
1698 2570 2187 2665 interpretari
2236 2580 2520 2642 tantum
2552 2572 2835 2657 liceret,
2886 2591 2976 2640 an

759 2676 1104 2749 deberent
1149 2675 1376 2746 etiam
1403 2677 1785 2745 consilium
1814 2677 2025 2749 dare.
2106 2677 2417 2768 Apparet
2448 2698 2635 2764 vero,
2688 2676 2760 2743 id
2789 2676 2974 2743 etiam

753 2782 997 2852 Latine
1037 2789 1224 2849 recte
1275 2779 1411 2848 dici
1450 2802 1580 2871 per
1620 2780 1955 2849 futurum:
2026 2790 2275 2851 utrum
2322 2780 2829 2849 tantummodo
2873 2779 2972 2845 ἱπ-

754 2884 1245 2979 terpretaturi
1272 2892 1534 2956 essent.
1614 2883 1988 2953 Confirmat
2011 2883 2191 2952 hanc
2224 2884 2748 2975 explicationem
2779 2903 2976 2972 quum

750 2990 923 3059 illud
965 2989 1151 3081 apud
1180 2987 1614 3057 Herodotum
1645 2986 1765 3060 VI.
1800 2984 1923 3075 86,
1957 2986 2028 3061 3.
2059 2986 2569 3081 ἐπειρωτῶντα
2602 2987 2682 3060 δὲ
2736 2978 2974 3067 αὐτόν,

735 3085 830 3168 ‘u’
858 3089 1045 3189 ὅρκῳ
1076 3085 1177 3164 vo?
1208 3084 1555 3189 χρήματα
1585 3095 1941 3189 ληΐσεται,
1982 3117 2025 3186 η
2059 3088 2309 3188 Πυθίη
2339 3092 2777 3186 μετέρχεται
2799 3094 2974 3166 τοῖς·

755 3199 836 3271 δε
876 3201 1075 3268 τοῖσι
1122 3196 1358 3269 ἔπεσιε
1416 3217 1553 3285 quo
1597 3195 1670 3261 iu
1712 3194 1869 3261 loco
1917 3193 2342 3260 manifestum
2370 3201 2506 3280 est,
2556 3215 2696 3261 non
2730 3191 2835 3258 ‘de
2877 3212 2972 3274 eo,

753 3298 922 3391 quid
961 3307 1307 3391 oporteat,
1373 3298 1496 3368 sed
1537 3296 1703 3388 quid
1745 3297 1981 3384 liceat,
2049 3318 2432 3366 sermonem
2484 3319 2668 3382 esse,
2736 3303 2809 3362 ut
2848 3314 2972 3359 non

753 3402 1064 3472 debuerit
1100 3402 1449 3470 Werferus
1487 3402 1556 3469 in
1595 3402 1749 3471 Act.
1779 3399 1975 3473 Mon.
2006 3399 2059 3471 Ι.
2087 3421 2159 3493 p.
2207 3398 2380 3473 234.
2430 3397 2518 3468 de
2565 3397 2973 3468 coniunctivo

752 3504 1152 3599 reponendo
1191 3505 1527 3596 cogitare3
1570 3514 1717 3572 tum
1748 3499 1949 3597 plura
1997 3503 2187 3596 apud
2222 3503 2710 3595 Thucydidem
2753 3522 2973 3573 exem-

751 3610 907 3703 pla,
962 3631 1139 3699 quae
1169 3605 1384 3676 habes
1413 3607 1597 3700 apud
1627 3608 2037 3700 Popponem
2065 3607 2200 3675 vol.
2234 3606 2288 3680 Ι.
2334 3605 2401 3674 1.
2448 3630 2523 3699 p.
2565 3606 2740 3679 137.
2796 3604 2972 3674 Con-

752 3714 977 3782 firmat
1008 3711 1210 3780 etiam
1253 3709 1476 3779 similis
1517 3710 1858 3779 indicativi
1900 3710 2272 3802 praesentis
2316 3732 2495 3777 usus.
2599 3711 2778 3778 Nam
2817 3703 2971 3774 illud

754 3814 1035 3906 quidem
1064 3837 1192 3907 per
1223 3837 1296 3882 se
1341 3814 1769 3906 intelligitur,
1821 3813 1941 3882 ubi
1960 3863 1980 3900 ‚
2033 3836 2123 3881 an
2166 3812 2249 3880 sit
2286 3811 2577 3901 aliquid,
2623 3810 2970 3902 quaeritur3

752 3919 1130 3988 necessario
1164 3939 1323 3986 eum
1351 3919 1541 3987 verbi
1574 3917 1855 3986 modum
1886 3917 2175 4008 requiri,
2225 3925 2300 3984 ut
2328 3915 2521 4007 apud
2560 3914 2970 3985 Herodotmn

756 4022 878 4095 lx.
944 4019 1064 4090 16.
1120 4018 1210 4102 οἷς
1257 4021 1334 4094 δὲ
1392 4015 1546 4095 dno*
1602 4020 1897 4095 δείπνου
1953 4022 2174 4100 ἔσαν,
2247 4013 2778 4107 διαπινόντων,
2846 4006 2970 4087 τόν

758 4127 1046 4225 Πέρσην
1096 4117 1232 4199 τόν
1277 4116 1706 4218 ὁμόκλινον,
1754 4118 2077 4199 Ἑλλάδα
2118 4123 2447 4218 γλῶσσαν
2493 4123 2732 4210 ἱέντα,
2788 4121 2968 4212 εἴρε-

754 4237 943 4303 σθαι
973 4220 1244 4314 αὐτόν,
1300 4220 1670 4308 ὁποδαπός
1712 4231 1903 4301 ἐστι·
1957 4227 2082 4296 sed
2113 4228 2529 4317 aliquantum
2562 4226 2649 4294 ab
2688 4225 2821 4292 hoc
2850 4217 2966 4286 dif-

754 4332 888 4401 fert
917 4333 1083 4401 illud
1127 4329 1431 4400 eiusdem
1455 4332 1542 4405 V.
1589 4330 1714 4404 43.
1751 4329 1796 4404 ὂ
1840 4332 1951 4411 δέ,
2007 4324 2321 4412 ἀκούσας
2364 4329 2647 4417 ταῦτα,
2700 4332 2768 4408 ἐς
2796 4323 2967 4399 Δελ-

756 4429 937 4530 <poda
1005 4437 1251 4527 οἴχετο
1298 4429 1741 4534 χρησόμενος
1791 4434 1901 4529 τῷ
1945 4433 2394 4530 χρηστηρίῳ,
2467 4436 2538 4505 εἰ
2583 4431 2809 4527 αἱρέει
2857 4416 2965 4497 ἐπ’

755 4538 845 4635 ἢν
878 4540 1255 4616 στέλλεται
1284 4533 1562 4638 χώρην·
1617 4566 1663 4635 η
1699 4537 1778 4612 δὲ
1817 4537 2073 4636 Πυθίη
2107 4543 2180 4609 οἱ
2212 4536 2358 4634 χρᾷ
2388 4529 2734 4634 αἱρήσειν.
2793 4528 2964 4599 Hinc
