3259 5275
1100 457 1714 522 convrns.
2388 469 2521 535 m

416 655 482 728 εἰ
500 655 703 728 τοῖαι
732 643 1078 747 γεγάασιν
1112 653 1190 727 ἐν
1218 644 1624 748 Ἀργείοισι
1654 655 1996 744 γυναῖκες.

323 811 485 879 Nam
523 806 714 898 quod
753 804 844 874 de
880 804 1204 875 Menelao
1239 804 1706 896 interpositum
1745 814 1882 892 est,
1933 828 2156 896 neque
2197 807 2519 882 cohaeret

324 913 464 980 cum
487 911 746 1000 reliqua
769 910 1092 1000 oratione,
1145 931 1367 999 neque
1396 907 1597 977 decet
1622 908 1961 982 Paridem.
2064 903 2195 979 Est
2221 913 2331 981 ille
2358 938 2518 983 ver-

323 1039 453 1098 sus,
505 1014 557 1083 si
611 1011 780 1103 quid
816 1011 1053 1100 video,
1104 1012 1411 1081 Helenae
1453 1011 1883 1098 tribuendus,
1937 1012 2126 1081 cuius
2169 1018 2383 1088 oratio
2430 1041 2516 1087 eo

319 1118 759 1186 additamento
791 1124 988 1184 aucta
1020 1115 1223 1209 plane
1249 1113 1618 1208 respondet
1636 1116 1895 1184 Paridis
1916 1117 2215 1208 orationi,
2245 1143 2312 1191 v.
2340 1119 2513 1191 312.

411 1271 611 1366 ἔγρεο
642 1267 812 1353 νῦν,
866 1262 1317 1367 Σπάρτηθεν
1354 1265 1469 1343 ε’πὶ
1506 1266 1776 1368 Τροίην
1809 1295 1906 1362 με
1933 1261 2303 1360 κόμισσον.

411 1378 723 1467 ἕψομαι,
777 1397 868 1452 ως
900 1372 1279 1466 Κυθέρεια
1309 1364 1562 1464 γάμων
1589 1370 1930 1466 βασίλεια
1957 1368 2253 1452 κελεύει.

411 1471 494 1549 οὐ
523 1474 812 1594 τρομέω
846 1475 1281 1565 Μενέλαον,
1325 1470 1444 1546 ὅτ’
1476 1501 1568 1546 αν
1607 1472 1833 1598 Τροίη
1876 1500 1974 1567 με
2005 1470 2248 1575 νοήσῃ.

409 1573 629 1651 οἶσθα
656 1602 800 1674 γαρ
832 1602 923 1657 ως
959 1577 1339 1657 Μενέλαος
1367 1569 1750 1659 α’νάλκιδός
1780 1581 1937 1652 ἐστι
1972 1584 2328 1681 γενέθλης.

502 1730 587 1802 V.
619 1727 794 1798 316.
847 1729 1281 1800 scribendum
1309 1737 1521 1822 puto.
1663 1789 1668 1798 ff
2508 1747 2607 1818 21

409 1877 526 1968 νυξ
560 1882 637 1958 δὲ
659 1876 905 1957 πόνων
939 1881 1305 1977 ἄμπαυμα
1330 1910 1478 1976 μετ
1488 1878 1810 1980 ηἐλίοιο
1840 1875 2231 1965 κελεύθους

406 1983 625 2061 ὕπνον
662 1984 1145 2083 ἐλαφρίζουσα
1180 1978 1558 2084 παρῄορον
1592 1983 1878 2059 ὤπασεν
1912 1980 2040 2081 ηὀἴ

406 2118 449 2163 α
544 2118 581 2162 ο
643 2090 721 2165 ἐν

317 2116 889 2298 Ηεῑξιιχιομεοίἴίσοι
903 2247 1039 2296 nox
1069 2224 1195 2295 sub
1223 2231 1534 2294 auroram
1564 2222 1757 2294 dedit
1780 2245 2091 2293 somnum
2115 2223 2508 2315 inquietum.

316 2327 411 2398 De
448 2353 615 2399 voce
652 2331 772 2399 illa
824 2326 1237 2425 παρῄορον,
1305 2351 1511 2419 quam
1554 2328 1871 2421 praetulit
1914 2328 2119 2398 etiam
2168 2329 2507 2421 Gradiue,

316 2432 621 2504 videndus
652 2431 1037 2503 Wernikius
1077 2431 1168 2500 ad
1196 2430 1582 2525 Trypbiod.
1613 2430 1787 2500 371.

497 2537 578 2609 V.
632 2534 808 2609 319.
873 2535 1324 2606 scribendum
1371 2557 1518 2603 esse
1571 2527 1847 2630 κεράων
1900 2529 1972 2608 δ’
2035 2528 2505 2629 ἀπελάμπετο

316 2631 592 2763 κόσμος,
658 2640 1103 2711 Homericum
1143 2638 1314 2709 illud
1374 2630 1582 2736 χάρις
1626 2632 1701 2712 δ’
1747 2631 2220 2731 ἀπελάμπετο
2277 2634 2510 2738 πολλῆ

318 2744 602 2971 ostenssf:
631 2844 806 2921 337.
860 2845 1137 2933 Scribe,
1190 2843 1306 2920 ἔτι
1342 2841 1692 2918 κλαίουσα
1739 2833 2086 2939 νοσήσεις.
2190 2843 2507 2938 Arguunt

316 2962 792 3130 ‘equessjad‘lst
830 3045 1018 3123 recte
1048 3049 1202 3120 libri
1227 3044 1275 3148 ἦ
1303 3043 1497 3142 τάχα
1510 3071 1534 3117 .·
1570 3048 1696 3119 sed
1724 3067 1899 3138 quae
1927 3066 2089 3116 mox
2115 3056 2504 3138 sequuntur,

1289 3182 1408 3259 καὶ
1434 3187 1504 3266 ἐς
1534 3182 1854 3277 λειμῶνα
1880 3184 2211 3277 μολοῦσα

406 3285 649 3389 ω’ράων
687 3283 1116 3391 δροσόεντος
1143 3284 1326 3387 υπὲρ
1359 3285 1642 3362 πεδίοιο
1675 3279 2038 3375 θαάσσει,

320 3441 367 3510 si
392 3444 643 3541 integra
671 3453 915 3533 essent,
964 3465 1105 3514 non
1127 3449 1410 3538 possent
1438 3441 1561 3511 nisi
1591 3439 1680 3509 de
1712 3438 1964 3510 celebri
1983 3437 2283 3532 quodam
2313 3436 2501 3530 apud

320 3543 661 3637 Spartanos
714 3556 916 3642 prato
971 3548 1316 3618 Horarum
1357 3545 1596 3666 accipi.
1712 3545 1823 3614 De
1875 3566 1961 3612 eo
2010 3543 2177 3612 mihi
2222 3540 2502 3632 quidem

319 3647 463 3719 nihil
487 3653 734 3722 lectum
752 3703 773 3740 ‚
823 3673 1047 3741 neque
1084 3649 1383 3720 auditum
1410 3649 1658 3742 opinor
1697 3646 1993 3720 Colutho
2007 3696 2028 3735 ‚
2080 3644 2267 3738 apud
2296 3666 2501 3735 quem

320 3772 508 3840 quum
555 3754 967 3848 respondeat
1011 3754 1386 3825 Hermiona
1402 3806 1423 3843 ‚
1489 3748 1658 3825 οἶδα
1704 3745 2091 3832 ιιελευθους
2136 3777 2206 3831 ες
2251 3743 2498 3847 ρόδον,

322 3856 381 3934 ἐς
422 3860 723 3952 λειμῶνα
741 3911 760 3940 ,
815 3856 1137 3927 credibile
1174 3866 1278 3927 est
1312 3854 1638 3926 excidisse
1677 3876 1981 3941 versum,
2029 3853 2098 3921 in
2137 3875 2276 3943 quo
2316 3873 2500 3920 rose-

320 3961 446 4026 tum
497 3963 603 4030 vel
662 3985 894 4049 rosae,
962 3969 1428 4030 ornamentum
1482 3958 1824 4029 Horarum
1838 4005 1862 4045 ,
1936 3964 2501 4027 commemoratae

321 4057 559 4134 fuerint.
661 4067 1048 4157 Sequuntur
1078 4064 1153 4133 hi
1183 4086 1447 4134 versus·

408 4198 453 4296 ἢ
480 4194 659 4299 χρόα
692 4194 1068 4326 πατρῴοιο
1095 4196 1538 4320 λοεσσαμένη
1563 4200 1959 4291 ποταμοῖο,

413 4300 668 4396 ᾤχετο,
720 4333 839 4379 και
867 4298 1184 4402 δήθυνεν
1215 4331 1313 4378 υπ
1325 4294 1735 4400 Ἐυρωταο
1771 4300 2124 4397 ρεέθροις.

326 4450 633 4546 Apertum
659 4466 764 4529 est
787 4457 989 4528 scribi
1015 4457 1270 4562 debere
1295 4453 1758 4552 λοεσσομένη.
1809 4449 1999 4522 Sed
1978 4473 2048 4520 ιιι
2062 4450 2275 4519 altero
2298 4466 2498 4517 versu

411 4570 2079 4652 Hnnu.01=.1v.1²
