3259 5275
730 487 863 551 214
1469 475 2221 539 EMENDATIONES

730 666 1041 752 ακόλπος
1072 670 1313 767 ἄραξε.
1381 668 1591 755 Quod
1619 669 1675 737 si
1705 657 1879 736 haec
1905 676 2093 736 recte
2122 665 2525 734 coniecimus
2542 714 2563 751 ‚
2607 664 2937 755 relinqui-

729 786 841 845 tur
864 785 940 844 ut
971 773 1291 843 exciderit
1317 772 1569 863 aliquid
1602 773 1712 839 vel
1749 780 1902 839 ante
1933 794 1997 838 v.
2026 768 2145 837 48.
2174 770 2281 836 vel
2325 778 2481 836 ante
2495 766 2711 866 γαίης.
2765 771 2941 837 Nam

732 879 1018 948 fortasse
1061 900 1198 946 non
1223 877 1452 968 inepte
1487 875 1910 967 opinabimur
1939 871 2119 941 hanc
2159 873 2377 964 ipsam
2417 894 2659 939 vocem
2690 869 2945 962 aliquid

738 982 1090 1050 contulisse
1109 1031 1130 1068 ‚
1181 990 1258 1048 ut
1306 980 1765 1048 omitterentur
1816 978 2150 1048 nonnulla.
2260 976 2492 1060 Quum
2547 974 2764 1060 enim,
2831 976 2946 1065 qui

736 1084 827 1154 ad
865 1094 1125 1154 tantum
1166 1081 1648 1174 desperationis
1694 1081 1996 1149 furorem
2045 1079 2262 1148 evecti
2302 1088 2486 1164 sunt,
2553 1078 2770 1147 crines
2821 1078 2949 1147 sibi

739 1181 1113 1256 discindere
1153 1197 1355 1276 atque
1402 1186 1692 1253 evellere
1735 1184 2022 1270 soleant,
2084 1182 2226 1250 veri
2270 1181 2479 1250 simile
2522 1180 2825 1267 videtur,
2874 1179 2947 1249 id

741 1291 940 1368 etiam
971 1289 1059 1357 de
1088 1289 1297 1357 Eride
1325 1312 1471 1357 esse
1500 1287 2000 1380 praedicatum:
2055 1296 2129 1353 ut
2159 1308 2224 1357 v,
2270 1283 2391 1355 47.
2425 1285 2750 1376 scriptum
2790 1284 2942 1353 fue-

740 1393 825 1460 rit
851 1391 1034 1486 χειρὶ
1068 1389 1460 1490 δὲ,χαι’της,
1513 1415 1555 1459 a
1598 1390 1842 1479 quibus
1885 1390 2164 1458 vocibus
2207 1387 2296 1455 ad
2333 1387 2580 1456 similes
2622 1388 2700 1462 δὲ
2745 1388 2947 1484 γαίης

743 1495 1061 1565 aberrans
1099 1495 1333 1565 oculus
1366 1494 1710 1563 librarium
1739 1494 1804 1562 in
1840 1515 2137 1562 errorem
2172 1491 2544 1560 abduxerit.

946 1631 1031 1706 V.
1064 1627 1185 1700 53.
1239 1642 1479 1724 aperte
1508 1655 1664 1700 vera
1696 1642 1799 1700 est
1827 1629 1983 1704 cod.
2016 1629 2190 1700 Mat.
2223 1627 2597 1720 scriptura:

837 1782 1232 1880 Ἠφαίστῳ
1258 1781 1331 1858 δ’
1357 1777 1691 1859 ὑπόεικεν
1708 1839 1736 1875 ‚
1777 1780 2244 1880 ἀμαιμακέτη
2277 1807 2414 1878 περ
2445 1779 2691 1857 ἐοῦσα.

738 1938 918 2007 Nam
953 1936 1137 2032 quod
1169 1936 1357 2030 apud
1384 1936 1948 2031 Tryphiodorum
1977 1943 2079 2005 est
2108 1959 2172 2006 v.
2203 1931 2380 2002 685.

839 2088 1235 2187 Ἡφαίστῳ
1267 2087 1340 2164 δ’
1365 2085 1746 2171 ὑπόεικεν,
1799 2084 2237 2181 ἀτυζόμενος
2264 2081 2481 2178 χόλον
2498 2084 2785 2185 ‘''Hpryc²

622 2241 627 2244 Α
739 2242 814 2313 id
844 2266 983 2335 quo
1024 2252 1228 2336 pacto
1269 2242 1742 2312 defendendae
1783 2241 1971 2335 apud
2011 2239 2380 2311 Coluthum
2417 2242 2736 2334 vulgatae
2764 2236 2951 2314 άτυ-

743 2348 1001 2442 ζομένη
1039 2343 1348 2415 adhiberi
1375 2346 1622 2438 possit,
1674 2370 1812 2415 non
1840 2344 2076 2430 video,
2127 2343 2249 2412 nisi
2281 2344 2431 2434 quis
2455 2344 2637 2414 hunc
2676 2367 2952 2436 qnoque

745 2443 964 2540 χόλον
979 2447 1226 2545 Ἠρης
1260 2449 1598 2518 addidisse
1630 2449 1882 2517 credat.

949 2568 1029 2641 V.
1055 2567 1177 2637 60.
1228 2569 1401 2639 haec
1445 2570 1794 2665 leguntur:

848 2720 1288 2818 ἔνθεν’Έρις
1317 2725 1715 2816 πτολέμοιο
1745 2716 2193 2818 προάγγελον
2221 2723 2423 2818 ἔρνος
2450 2719 2745 2812 ἑλοῦσα,
2805 2782 2812 2788 .

845 2825 1118 2922 μῆλον,
1173 2820 1522 2923 ἀριζήλων
1552 2820 1975 2922 ἐφράσσατο
2006 2820 2226 2923 δήνεα
2251 2818 2581 2919 μόχθων.

744 2978 938 3048 Haec
967 3002 1176 3069 quum
1204 2979 1474 3047 omnino
1499 3002 1635 3047 non
1663 2988 1815 3048 sunt
1837 2987 2113 3048 venuste
2133 2976 2335 3063 dicta,
2385 2987 2528 3044 tum
2556 2977 2703 3045 iure
2730 2975 2956 3046 offen-

747 3082 846 3150 dit
871 3082 1046 3150 viros
1086 3082 1323 3151 doctos
1356 3105 1605 3151 nomen
1634 3081 1856 3150 Eridis
1874 3133 1894 3168 ,
1947 3103 2154 3171 quam
2180 3080 2328 3168 hic,
2380 3080 2699 3171 quoniam
2728 3083 2958 3150 omnia

745 3208 922 3277 quae
950 3185 1366 3278 praecedunt
1395 3185 1484 3255 de
1516 3209 1603 3255 ea
1629 3195 1785 3253 sunt
1812 3185 1946 3253 dea
1970 3185 2189 3271 dicta,
2239 3206 2376 3252 non
2415 3182 2706 3252 decebat
2734 3186 2958 3254 nomi-

744 3289 952 3357 natim
987 3288 1332 3381 appellari.
1437 3289 1583 3358 Sed
1616 3311 1702 3357 ex
1733 3288 2128 3357 coniecturis
2150 3339 2170 3373 ‚
2224 3309 2403 3377 quae
2427 3287 2738 3379 prolatae
2779 3299 2953 3378 sunt,

747 3391 959 3473 (luae,
1027 3415 1201 3481 quae
1242 3392 1401 3459 ferri
1441 3390 1755 3485 possunt,
1806 3391 2137 3482 Lennepii
2168 3390 2381 3464 ἔνθεν
2427 3387 2603 3487 ἄρα,
2657 3400 2727 3459 et
2750 3392 2954 3460 Wer-

745 3495 908 3562 nikii
953 3494 1042 3561 ad
1074 3496 1140 3561 Τ
1141 3494 1453 3586 ryphiod.
1500 3519 1571 3587 p.
1619 3494 1738 3563 37.
1777 3497 1989 3568 ἔνθεν
2028 3494 2145 3577 δέ,
2199 3493 2463 3586 longius
2500 3493 2587 3561 ab
2629 3494 2954 3563 librorum

746 3597 1075 3687 scriptura
1105 3598 1459 3682 recedunt,
1511 3621 1636 3667 nec
1663 3598 1901 3665 tollunt
1928 3595 2145 3682 aliud,
2199 3595 2388 3687 quod
2422 3597 2488 3663 in
2517 3594 2620 3664 his
2652 3598 2952 3666 versibus

748 3699 1093 3800 displicet,
1143 3699 1376 3796 μῆλον
1423 3702 1818 3769 inconcinne
1860 3700 2175 3792 positum.
2285 3697 2525 3768 Codex
2571 3699 2951 3787 Vossianus

749 3803 864 3891 qui
908 3803 1214 3897 etiarn‘v.
1257 3800 1377 3870 55.
1430 3827 1567 3872 non
1612 3802 2169 3872 contemnendam
2229 3803 2626 3894 scripturam
2683 3798 2951 3877 κόλπον

745 3906 1068 3997 praebet,
1116 3903 1229 3973 hic
1261 3906 1469 3973 habet
1505 3909 1699 4002 ἔριν,
1753 3906 2189 3997 idqueetiam
2234 3905 2301 3972 in
2341 3906 2567 3996 primo
2615 3908 2949 3976 Parisino-

747 4030 893 4075 rum
938 4030 1141 4099 supra
1193 4011 1539 4101 vulgatam
1590 4011 1914 4102 scriptum
1975 4018 2096 4078 cst.
2202 4008 2339 4076 Pro
2391 4010 2661 4084 ἑλοῦσα
2728 4021 2946 4079 autem

749 4110 901 4178 cod.
959 4108 1133 4178 Mut.
1195 4112 1471 4183 ἰδοῦσα.
1576 4114 1760 4180 Tum
1797 4114 2094 4203 quinque
2140 4110 2341 4180 codd.
2400 4104 2667 4206 μήλων.
2771 4114 2946 4182 Hinc

747 4213 1255 4306 corrigendum:

651 4360 751 4432 12
856 4367 1070 4440 ἔνθεν
1105 4367 1258 4462 ἔριν
1286 4368 1638 4459 πολέμοιο
1671 4360 2116 4461 προάγγελον
2137 4417 2160 4456 ,
2214 4369 2415 4465 ἔρνος
2443 4369 2693 4441 ἰδοῦσα

748 4500 751 4503 ·
852 4466 1131 4563 μήλου,
1186 4462 1644 4567 άριζῆλωντ“
1678 4462 2098 4565 ἐφράσσατο
2130 4463 2348 4571 δήνεσι
2377 4462 2703 4562 μόχθων.
