3259 5275
1059 509 1233 574 LIB.
1272 509 1322 572 1.
1411 507 1613 573 cAP.
1659 511 1728 572 9.
2414 513 2500 579 41

287 712 353 775 et
382 702 745 772 sententiae
773 701 907 795 ipsi
937 700 1170 770 melius
1209 700 1609 772 conveniens
1642 720 1880 769 verum
1907 698 2344 778 iudicandum
2366 707 2502 776 estx

284 808 388 904 τῷ
406 806 532 880 καί
555 808 646 881 τέ
671 832 785 888 τις
816 804 1109 897 εὔχεται
1134 798 1344 902 οἷνήρ.
1447 805 1565 875 Sic
1586 803 1777 877 Iliad.
1811 832 1864 879 ι.
1899 799 2070 873 159.

484 956 795 1033 τοῦνεκα
823 957 948 1031 καί
974 985 1059 1033 τε
1084 962 1424 1056 βροτοῖσι
1450 957 1647 1033 θεῶν
1679 958 2020 1050 ἔχθιστος
2044 952 2409 1037 ἁπάντων.

280 1114 493 1209 Apud
533 1112 1063 1206 Aristophanem
1100 1111 1168 1180 in
1212 1110 1389 1186 Ach.
1429 1109 1604 1181 873.
1651 1112 1952 1184 Boeotus
1966 1166 1989 1207 ,
2056 1113 2505 1210 interrogatus

280 1219 446 1310 quid
484 1217 764 1305 afferat,
813 1215 1217 1309 respondet:

491 1366 612 1445 ὅσ
664 1365 820 1445 ἔστ
873 1398 965 1444 αν
1016 1363 1274 1464 α’γαθοῖ
1322 1370 1688 1454 Βοιωτοῖς
1737 1366 1992 1454 dume.

282 1527 364 1596 Id
393 1548 524 1596 nos
557 1524 930 1595 diceremus
950 1573 972 1611 ‚
1022 1547 1183 1596 was
1214 1547 1294 1595 es
1326 1535 1521 1596 etwa
1546 1534 1767 1620 gates
1796 1524 1872 1594 in
1906 1524 2252 1596 Boeotien
2277 1525 2505 1632 giebt.

284 1631 479 1698 Haec
511 1630 634 1698 etsi
665 1638 736 1698 et
767 1628 967 1697 codd.
997 1631 1466 1700 nonnullorum
1497 1639 1567 1698 et
1603 1637 1760 1697 vett.
1805 1627 1961 1699 edd.
2007 1631 2340 1722 scriptura
2379 1643 2505 1721 est,

284 1745 510 1806 tamen
560 1733 800 1824 optimi
841 1731 1118 1822 quidam
1170 1734 1321 1802 libri
1360 1731 1453 1806 ἄν
1505 1733 1850 1819 omittunt,
1922 1734 2123 1808 ἔστιν
2179 1736 2507 1827 scriptum

286 1836 712 1906 exhibentes:
753 1835 1260 1925 fatendumque,
1312 1836 1612 1929 potuisse
1644 1864 1736 1908 αν
1761 1836 1871 1904 vel
1891 1858 1932 1904 e
1961 1836 2186 1928 prima
2210 1847 2509 1929 sequen-

284 1942 364 2009 tis
389 1939 710 2008 vocabuli
735 1939 996 2029 syllaba
1024 1941 1227 2027 nasci,
1254 1941 1365 2009 vel
1392 1963 1435 2008 a
1463 1939 1778 2026 metricis,
1823 1962 2034 2028 quum
2062 1937 2220 2014 ἔστ’
2250 1936 2511 2034 ἀγαθοὶ

286 2044 615 2135 scriptum
646 2042 1083 2122 invenissent}
1130 2043 1349 2115 inseri.
1450 2044 1610 2113 Non
1648 2050 1874 2109 tamen
1899 2043 2138 2111 rationi
2167 2053 2510 2137 repugnat

283 2146 636 2240 particula.
740 2144 886 2215 Sed
922 2154 997 2213 ut
1051 2143 1166 2213 hic
1214 2167 1355 2215 non
1398 2144 1682 2213 ferenda
1738 2142 2043 2214 videatur
2060 2195 2082 2233 ‚
2149 2148 2306 2236 quia
2351 2170 2510 2216 cum

283 2251 434 2342 ipso
459 2258 568 2318 est
598 2248 811 2319 verbo
845 2255 1249 2332 constructa,
1303 2271 1440 2317 non
1471 2246 1758 2316 offendit
1787 2256 2050 2333 tamen,
2101 2248 2158 2316 si
2195 2248 2283 2315 ad
2311 2251 2511 2319 aliam

286 2376 529 2422 vocem
561 2353 870 2421 refertur.
973 2351 1237 2421 Illustre
1265 2351 1652 2443 exemplum
1686 2352 1942 2418 exstat
1924 2374 1994 2420 m
2033 2351 2509 2444 Xenophontis

286 2455 662 2585 Symposio
690 2454 766 2538 4,
796 2453 916 2523 3Ί.
967 2448 1107 2547 ἐγω
1147 2455 1223 2528 δὲ
1263 2452 1455 2528 οὕτω
1492 2454 1633 2547 μὲν
1671 2446 1906 2526 πολλα
1955 2455 2123 2542 ἔχω,
2176 2481 2267 2534 ως
2299 2450 2513 2547 μόλις

287 2554 486 2632 αὐτοῖ
519 2557 641 2631 καί
674 2551 812 2654 ἐγω
835 2585 927 2630 αν
958 2551 1180 2639 αὐτος
1211 2554 1525 2655 εὑρίσκω.
1633 2557 1902 2627 Delevit
1943 2556 2036 2628 ἄν
2079 2556 2512 2649 Schaeferus,

282 2686 495 2754 quem
523 2685 745 2755 nuper
768 2670 1086 2753 sequutus
1113 2671 1216 2730 est
1243 2662 1327 2731 L.
1366 2661 1781 2730 Dindorfius.
1882 2661 2042 2730 Non
2085 2670 2306 2748 recte,
2355 2686 2515 2733 mea

286 2767 637 2838 sententia.
736 2765 1087 2856 Numquid
1120 2766 1299 2834 enim
1339 2764 1525 2834 aliud
1558 2775 1661 2832 est
1699 2764 1868 2832 illud
1896 2763 2294 2857 Sophocli3‚
2348 2763 2516 2840 εἶτα

285 2870 429 2965 πῦρ
468 2870 564 2943 ἂν
613 2863 704 2941 οὐ
735 2867 1011 2964 παρῆν,
1067 2877 1138 2937 et
1167 2890 1342 2958 quae
1364 2867 1658 2961 plurima
1691 2868 1927 2937 similia
1967 2890 2175 2959 snpra
2214 2891 2514 2939 comme-

285 2973 742 3044 moravimus?
792 2973 1121 3040 Nimirum
1162 2972 1258 3040 sic
1287 2981 1391 3040 est
1418 2971 1588 3039 illud
1617 2969 2129 3063 explicandum,
2181 2968 2272 3052 οἷς
2301 2966 2516 3065 μόλις

291 3071 491 3149 αὐτοὶ
516 3074 636 3147 καὶ
668 3075 739 3146 εἰ
760 3068 897 3166 ἐγώ
924 3068 1147 3154 αὐτός
1176 3073 1460 3170 ζητοίην
1492 3071 1819 3167 εὑρίσκω.
1922 3074 2116 3142 Haec
2149 3074 2352 3166 igitur
2395 3077 2512 3166 qui

290 3180 564 3248 damnet
582 3227 603 3261 ‚
655 3178 971 3267 quoniam
1008 3178 1268 3244 rariora
1294 3186 1477 3262 sunt,
1526 3199 1771 3245 vereor
1813 3199 1898 3245 ne
1936 3199 2180 3269 parum
2221 3200 2514 3270 perspe-

292 3294 467 3351 ctam
497 3280 753 3348 habeat
779 3279 1025 3348 Graeci
1053 3281 1379 3348 sermonis
1410 3279 1831 3372 elegantiam.

494 3384 610 3453 Ab
651 3383 789 3450 hoc
833 3384 1150 3475 exemplo
1190 3393 1264 3451 ut
1309 3385 1446 3452 iam
1478 3382 1567 3451 ad
1620 3382 1790 3451 illud
1818 3405 2034 3474 genus
2071 3390 2513 3477 transeamus»,

293 3492 357 3558 in
384 3509 528 3581 quo
557 3487 888 3579 particula
908 3508 1048 3555 non
1073 3496 1173 3554 est
1204 3487 1482 3579 proprie
1503 3508 1658 3554 cum
1684 3487 1898 3555 verbo
1925 3495 2324 3571 constructa,
2375 3494 2514 3554 no'n

292 3615 514 3685 pauca
548 3589 932 3684 huiusmodi
955 3590 1413 3677 inveniuntur,
1466 3612 1643 3680 quae
1686 3612 1852 3659 cave
1897 3599 2150 3658 temere
2191 3588 2513 3680 corrigas.

293 3698 445 3765 Non
475 3707 582 3763 est
610 3693 700 3762 ad
725 3691 862 3759 hoc
891 3715 1111 3784 genus
1149 3692 1543 3761 referendus
1569 3694 1759 3762 locus
1787 3692 2215 3784 Thucydidis
2241 3691 2357 3760 lv,
2391 3690 2515 3760 63.

293 3797 749 3868 memorabilis
805 3795 918 3864 ille
961 3805 1249 3888 propter
1301 3796 1719 3884 liberiorem,
1789 3796 1913 3865 sed
1977 3806 2205 3864 tamen
2275 3796 2518 3865 iustam

294 3904 657 3971 verborum
698 3908 1136 3968 structuram.
1187 3926 1276 3971 το
1307 3893 1591 3991 ξύμπαν
1629 3927 1714 3972 τε
1749 3893 1839 3996 δη
1863 3892 2512 3993 nmmum-1296-

294 4031 504 4097 μενοι
549 4003 690 4095 μὲν
723 4001 923 4092 ἐμοί,
978 3995 1194 4074 πόλιν
1235 4006 1510 4084 ἕξοντες
1553 4007 1853 4084 ἕκαστος
1892 4004 2323 4096 ἐλευθέραν,
2378 3996 2518 4097 α’(ρ

295 4104 371 4202 ἧς
417 4099 959 4199 αυτοιιροὶτορες
989 4102 1195 4185 ὄντες
1230 4132 1366 4178 τον
1409 4100 1490 4176 εὖ
1518 4132 1637 4177 και
1668 4105 1894 4186 κακῶς
1921 4106 2207 4201 δριὸντα
2251 4106 2393 4187 ἐξ”
2356 4130 2519 4177 ισου

298 4208 524 4305 ἀρετῇ
554 4202 1082 4301 ἀμυνούμεθα·
1134 4206 1225 4304 ἢν
1254 4208 1331 4281 δὲ
1359 4199 1892 4331 ἀπιστήσαντες
1925 4207 2170 4287 ἄλλοις
2197 4199 2517 4279 ὑπακου-

301 4338 557 4403 σωμεν,
611 4308 705 4384 οὗ
732 4309 896 4405 περὶ
921 4312 1062 4383 τοῦ
1089 4303 1665 4434 τιμωρήσασθαί
1690 4339 1887 4402 τινα,
1939 4305 2126 4385 ἄλλα
2154 4338 2271 4382 και
2301 4308 2518 4401 ἄγαν,

302 4416 372 4486 εἰ
396 4408 782 4508 τύχοιμεν,
837 4412 1040 4508 φίλοι
1080 4415 1221 4502 μὲν
1266 4440 1359 4486 αν
1399 4418 1555 4493 τοῖς
1584 4414 1994 4503 ἐχθίστοις,
2048 4406 2401 4506 διάφοροι
2441 4412 2521 4484 δὲ

305 4515 408 4599 οἷς
447 4514 539 4593 ου’
582 4511 763 4616 χρή,
828 4543 967 4591 κατ
1042 4509 1359 4613 ἀνάγκην
1399 4510 1830 4612 γιγνόμεθα.
1936 4517 2054 4587 Sic
2089 4517 2401 4610 plerique
2454 4526 2525 4584 et
