3259 5275
797 503 927 566 843
1154 499 1161 506 '
1303 491 1886 555 mcnssnlssmvm
1931 490 2156 554 LIBER
2202 492 2506 559 PRIMVS.

745 689 1134 762 Sconiecta
1162 708 1306 757 non
1333 685 1572 780 ipsum
1590 684 2060 778 procudisse.
2164 683 2439 756 Scilicet
2470 708 2584 756 me
2609 688 3005 780 procudisse

798 794 1021 862 innuit.
1128 789 1388 861 Omitto
1420 811 1596 857 nunc
1630 787 1904 878 quidem
1923 841 1944 874 ,
1997 799 2173 877 quae
2213 789 2421 857 multa
2462 789 2756 860 dicenda
2779 792 3004 863 habeo

800 897 889 965 de
930 895 1033 963 his
1047 945 1068 981 ,
1135 916 1311 985 quae
1356 893 1463 962 vel
1511 892 1744 960 laudat
1777 892 1844 959 in
1893 890 2193 983 Reisig-io
2242 892 2353 961 vel
2394 894 2766 965 condonat:
2841 897 3007 966 illud

799 1022 1006 1068 unum
1029 996 1451 1077 monstrabo,
1501 994 1685 1064 unde
1719 1004 1859 1063 tam
1891 1003 2077 1062 certo
2108 996 2311 1080 sciat,
2365 997 2552 1086 quod
2589 1022 2661 1068 se
2693 998 2865 1068 scire
2900 1001 3007 1069 di-

799 1104 908 1171 cit.
1010 1100 1444 1190 Quamquam
1462 1154 1482 1190 ,
1536 1099 1737 1167 etiam
1768 1098 1822 1165 si
1863 1109 2162 1167 tacerem
2178 1149 2199 1186 ,
2266 1122 2468 1168 nemo
2499 1101 2571 1170 id
2614 1102 2852 1171 credet
2884 1126 3006 1173 eo-

795 1229 979 1292 rum,
1032 1206 1149 1294 qui
1179 1203 1556 1296 Reisig-ium
1598 1203 1946 1295 cognitum
1976 1201 2378 1277 habuerunt.
2484 1206 2640 1274 Non
2685 1207 2864 1274 enim
2897 1208 3009 1276 ille

795 1309 919 1379 sibi
963 1330 1007 1374 a
1049 1329 1398 1399 quoquam
1441 1327 1678 1398 passus
1728 1313 1902 1373 esset
1938 1305 2073 1374 tela
2121 1306 2415 1398 procudi
2429 1359 2450 1392 ,
2502 1308 2745 1398 qm'bus
2789 1308 3005 1379 fabri-

795 1410 1025 1485 candis
1051 1413 1200 1505 ipse
1226 1411 1319 1477 ita
1342 1410 1686 1478 sufficeret
1700 1460 1721 1490 ,
1775 1416 1849 1475 ut
1883 1408 2153 1477 aliunde
2191 1411 2489 1502 acceptis
2523 1411 2620 1480 uti
2650 1424 2853 1506 turpe
2882 1413 3006 1482 sibi

794 1515 1108 1586 duxisset.
1209 1513 1356 1583 Sed
1390 1512 1748 1588 undescit
1796 1511 1964 1579 illud
2008 1510 2469 1583 Schaeferus?
2552 1516 2823 1610 Nempe
2857 1518 3008 1609 ipse

792 1620 1060 1689 invenit.
1164 1618 1344 1686 Nam
1389 1640 1499 1685 res
1545 1617 1638 1684 ita
1681 1637 1757 1683 se
1799 1614 2055 1689 habuit.
2157 1616 2535 1710 Reisig-ius,
2586 1621 2706 1710 qui
2752 1631 2900 1690 tum
2939 1622 3007 1689 in

792 1722 1234 1793 Vniversitate
1280 1730 1507 1789 nostra
1555 1719 1929 1788 litterarum
1973 1717 2305 1789 studiosus
2357 1730 2503 1790 erat
2517 1774 2539 1814 ,
2607 1745 2765 1792 cum
2809 1747 3006 1793 com-

789 1827 1087 1896 militone
1129 1823 1431 1915 quodam
1473 1844 1595 1892 suo
1610 1875 1630 1910 ,
1695 1844 1872 1891 nuuc
1904 1822 2272 1892 clarissimo
2316 1825 2461 1894 viro
2478 1875 2500 1913 ,
2552 1826 2744 1917 quod
2782 1851 3002 1921 pecu-

789 1931 898 1999 nia
935 1929 1349 2020 indigerent,
1412 1927 1660 1994 librum
1720 1926 2013 2017 aliquem
2062 1926 2270 1996 edere
2321 1929 2675 1999 constituit.
2812 1930 3004 2001 Con-

789 2055 1037 2103 venere
1081 2031 1169 2100 de
1214 2029 1686 2122 Xenophontis
1737 2029 2199 2100 Oeconomico
2217 2084 2237 2119 ,
2308 2033 2670 2124 partitique
2711 2034 2886 2103 inter
2931 2058 3004 2104 se

791 2147 943 2207 sunt
1002 2157 1303 2228 operam.
1418 2134 1733 2203 Iuvenilis
1791 2134 2089 2222 lascivia,
2143 2133 2233 2203 ab
2277 2135 2704 2206 insolentiore
2747 2161 3004 2232 genere

790 2239 1127 2310 scribendi
1167 2237 1822 2307 commendationem
1870 2237 2046 2307 libro
2086 2260 2502 2309 accessuram
2543 2249 2725 2326 rata,
2799 2237 3002 2310 suasit

715 2342 719 2346 ’
791 2353 860 2413 et
903 2344 1182 2412 laudare
1239 2341 1570 2433 quosdam
1611 2341 1866 2426 effuse,
1931 2350 2028 2410 et
2046 2341 2485 2412 vehementer
2530 2344 2693 2412 alios
2733 2344 3001 2437 vitupe-

788 2470 960 2516 rare.
1062 2446 1301 2535 ltaque
1327 2470 1438 2515 me
1464 2446 1598 2531 illi,
1652 2447 2049 2538 magistrum
2082 2468 2312 2532 suum,
2370 2448 2746 2538 praeconiis
2777 2449 2997 2516 extol-

788 2552 931 2620 lere
947 2600 968 2639 ,
1019 2559 1205 2619 tanto
1251 2551 1466 2617 acrius
1509 2571 1794 2642 carpere
1833 2549 2018 2617 alios.
2147 2549 2480 2619 Absoluto
2529 2573 2741 2644 opere
2791 2574 2998 2644 prae-

788 2655 1110 2723 fationem
1150 2653 1416 2746 scripsit
1442 2653 1780 2745 Reisigius
1798 2707 1819 2743 ,
1872 2655 2144 2745 sumpto
2187 2654 2456 2723 nomine
2490 2653 2815 2723 Guilelmi
2844 2656 2999 2724 Ku-

786 2758 965 2845 steri,
1024 2759 1095 2828 in
1126 2778 1267 2846 qua
1308 2780 1382 2826 se
1421 2757 1583 2825 olim
1622 2757 1896 2825 militem
1943 2756 2148 2826 fuisse
2191 2758 2493 2850 scripsit,
2550 2759 2739 2827 illum
2772 2770 2999 2828 autem

785 2862 1077 2931 amicum
1103 2882 1299 2929 suum
1340 2861 1557 2950 (tanta
1597 2859 1725 2927 fuit
1751 2860 2154 2952 petulantia)
2203 2861 2271 2928 in
2301 2884 2569 2931 servum
2602 2885 2798 2931 suum
2828 2885 2997 2931 con-

784 2967 1000 3035 vertit.
1116 2964 1402 3033 Librum
1415 3016 1436 3053 ,
1518 2963 1919 3054 simulatque
1960 2964 2030 3031 in
2075 2965 2301 3033 lucem
2342 2964 2690 3056 prodierat
2704 3013 2726 3050 ‚
2801 2989 2997 3034 usur-

783 3070 971 3162 pavit
1000 3068 1511 3136 Bornemannus
1524 3118 1545 3153 ,
1603 3090 1783 3136 nunc
1814 3067 2089 3136 scholae
2115 3068 2412 3137 Afrauae
2452 3068 2832 3161 professor,
2879 3070 2995 3159 qui

784 3175 920 3242 iam
973 3182 1119 3241 tum
1157 3172 1226 3239 in
1265 3170 1761 3263 Xenophonte,
1816 3170 1903 3239 de
1938 3193 2076 3260 quo
2112 3180 2354 3264 postea
2390 3172 2742 3263 praeclare
2784 3172 2994 3241 meri··

783 3288 890 3346 tus
932 3285 1067 3360 est,
1121 3296 1402 3367 operam
1447 3275 1786 3366 posuisset
1828 3297 2038 3343 suam,
2157 3275 2223 3343 ls
2264 3297 2377 3343 me
2419 3298 2630 3365 quum
2673 3276 2849 3344 forte
2890 3276 2994 3343 vi-

785 3404 936 3451 sum
961 3381 1284 3465 venisset,
1338 3378 1506 3446 mira
1535 3378 1850 3446 narrabat
1883 3377 1972 3446 de
2002 3375 2463 3447 Oeconomico
2480 3428 2501 3466 ,
2556 3401 2759 3469 quem
2801 3379 2993 3448 miles

782 3484 1059 3576 quidam
1109 3505 1245 3551 una
1304 3505 1460 3549 cum
1513 3503 1710 3550 servo
1758 3502 1882 3550 suo
1929 3479 2270 3551 edidisset.
2387 3482 2752 3568 Quaerenti
2802 3482 2990 3569 mihi,

782 3611 960 3679 quae
996 3595 1175 3655 esset
1203 3585 1421 3653 militis
1460 3585 1642 3653 istius
1672 3585 1780 3653 vel
1811 3583 2117 3652 doctrina
2155 3586 2266 3654 vel
2295 3584 2594 3672 indoles,
2645 3585 2992 3655 hominem

781 3715 930 3760 esse
974 3688 1328 3782 respondit
1363 3710 1498 3756 non
1527 3687 1871 3757 indoctum
1903 3709 2126 3777 neque
2159 3697 2506 3781 expertem
2537 3689 2823 3781 ingenii,
2867 3689 2992 3758 sed

778 3793 1151 3863 admodum
1191 3792 1511 3861 ferocem.
1615 3791 1778 3884 Ego
1819 3800 2197 3877 commotus
2239 3801 2427 3861 tanto
2473 3792 2798 3861 miraculo
2814 3839 2836 3876 ‚
2905 3815 2988 3860 eo

779 3898 932 3990 ipso
987 3896 1097 3964 die
1160 3920 1200 3965 e
1256 3895 1654 3987 bibliopolio
1670 3946 1691 3982 ,
1761 3894 2173 3987 praeteriens
2222 3895 2400 3964 forte
2413 3946 2434 3982 ,
2496 3896 2662 3989 petii
2718 3895 2983 3963 librum.

781 4000 1103 4069 Perlectis
1163 3997 1421 4088 aliquot
1469 3999 1739 4093 pag-inis
1805 3998 2053 4091 agnovi
2119 3998 2518 4092 Reisig-ium.
2637 3999 2703 4068 Is
2776 4021 2987 4089 quum

781 4104 958 4173 forte
1000 4101 1232 4196 paucis
1268 4101 1505 4170 diebus
1548 4112 1709 4195 post
1747 4099 1836 4169 ad
1866 4124 1977 4170 me
2006 4101 2322 4191 venisset,
2384 4125 2560 4193 quae
2593 4101 2868 4171 tandem
2896 4111 2984 4187 te,

778 4206 1054 4299 inquam
1069 4257 1090 4295 ,
1134 4196 1575 4297 intemperiae
1613 4207 1987 4298 agitaruut,
2037 4214 2114 4273 ut
2152 4205 2628 4298 Xenophontis
2662 4203 2984 4274 Oecono-

779 4314 1029 4381 micum
1083 4332 1239 4378 cum
1302 4309 1674 4378 istiusmodi
1750 4308 2284 4381 adnotationibus
2362 4308 2646 4378 ederes?
2748 4309 2984 4377 Haesit

781 4417 1129 4501 confusus,
1180 4413 1538 4505 statimque
1583 4412 1930 4482 confessus
1982 4421 2103 4484 est.
2211 4412 2318 4481 lbi
2359 4434 2494 4506 ego
2541 4434 2696 4483 eum
2752 4412 2977 4504 gravi-

777 4527 882 4589 ter
924 4526 1212 4613 propter
1252 4518 1436 4586 illam
1483 4526 1555 4587 et
1584 4518 1652 4588 in
1680 4514 2021 4587 laudando
2057 4524 2127 4587 et
2158 4516 2227 4586 in
2259 4515 2708 4611 vituperando
2735 4516 2970 4585 immo-
