3259 5275
914 468 1879 582 nlssrnrarro.
2384 521 2512 586 ιιι

297 718 473 778 tasse
510 705 689 777 haec
719 707 933 778 verba
973 716 1131 777 sunt
1166 707 1254 776 ab
1299 707 1476 794 alio,
1527 728 1735 798 quam
1772 705 1886 796 qui
1925 706 2259 797 reliquam
2291 708 2511 780 adno-

296 812 617 881 tationem
643 811 735 880 ad
765 812 965 881 istum
986 812 1216 880 locum
1248 811 1545 903 scripsit=
1598 811 1845 879 desunt
1875 810 2055 878 enim
2089 811 2158 879 in
2184 812 2370 881 bono
2402 822 2511 882 at-

293 937 429 1006 que
461 916 745 1006 antiquo
773 915 1012 984 codice
1027 939 1055 1004 :-
1100 914 1241 982 aliis
1274 914 1342 982 in
1387 914 1573 983 libris
1602 921 1949 1008 postrema
1978 923 2238 982 tautum
2253 965 2274 1002 ,
2326 911 2508 1010 ὅπερ

295 1018 639 1113 ἐμφαίνει
666 1012 1065 1109 Αἰσχύλος,
1117 1027 1273 1087 sunt
1295 1018 1565 1088 omissa.
1668 1020 1826 1085 Non
1848 1017 2297 1103 intercedam,
2350 1017 2541 1107 quin'

291 1121 468 1191 haec
518 1122 766 1190 veteris
807 1130 876 1191 et
921 1120 1103 1190 docti
1140 1121 1562 1214 grammatici
1599 1120 1945 1189 adnotatio
1990 1143 2138 1190 esse
2177 1120 2508 1206 credatur,

292 1248 422 1294 nec
459 1224 790 1294 dubitabo
807 1278 827 1311 ,
882 1224 1149 1293 dicatne
1177 1217 1269 1296 ro*
1298 1225 1452 1321 ἑξῆς
1481 1223 1726 1319 δρᾶμα
1756 1224 1944 1314 quod
1983 1225 2055 1292 in
2094 1224 2364 1319 trilogia
2388 1248 2508 1294 ea·-

292 1329 480 1418 dem,
534 1352 618 1396 an
646 1327 832 1418 quod
860 1328 927 1396 in
958 1327 1196 1396 codice
1222 1349 1345 1395 suo
1369 1328 1753 1419 proximum
1782 1327 1894 1396 sit:
1946 1348 2179 1396 verum
2210 1329 2378 1398 illud
2399 1338 2506 1397 ta-

291 1455 452 1500 men
488 1433 714 1500 nescio
745 1453 834 1498 an
864 1431 1050 1499 haud
1084 1430 1240 1500 satis
1274 1441 1531 1499 certum
1562 1430 1681 1519 sit,
1735 1430 2014 1498 aliorum
2055 1453 2210 1499 eum
2241 1433 2507 1500 testium

291 1535 432 1604 fide
470 1533 605 1602 hoc
632 1535 998 1627 scripsisse,
1051 1543 1120 1603 et
1154 1556 1287 1602 non
1307 1556 1427 1601 sua
1462 1533 1757 1624 quadam
1789 1534 2176 1603 coniectura
2205 1534 2506 1615 ductum,

291 1638 614 1729 quoniam
671 1646 985 1729 poetam,
1029 1646 1104 1706 ut
1143 1637 1267 1725 ait,
1311 1636 1385 1704 id
1428 1636 1726 1705 indicare
1763 1638 2170 1729 opinaretur.
2276 1638 2508 1724 Quare

293 1743 417 1811 etsi
453 1742 724 1809 minime
750 1740 1182 1809 reiiciendam
1223 1742 1362 1810 eius
1406 1741 1869 1808 auctoritatem
1912 1740 2230 1827 arbitror,
2282 1751 2505 1810 tamen

291 1846 354 1914 ei
394 1867 534 1914 non
564 1853 826 1912 tantum
864 1844 1243 1929 tribuerim,
1297 1853 1371 1911 ut
1401 1843 1799 1913 dubitationi
1841 1866 1978 1913 non
2016 1853 2251 1935 putem
2280 1845 2507 1914 locum

289 1949 596 2017 relictum
627 1970 810 2029 esse,
862 1970 1070 2037 quum
1104 1947 1500 2040 praesertim
1526 1947 1901 2016 scholiastis
1938 1946 2065 2015 illis
2099 1947 2274 2016 adeo
2301 1949 2500 2042 igno-

291 2063 437 2121 tum
490 2051 695 2120 fuisse
738 2050 1049 2120 Solutum
1099 2050 1581 2119 Prometheum
1625 2049 1930 2135 videam,
1980 2058 2172 2119 utne
2221 2051 2312 2119 ad
2348 2076 2506 2121 ver-

290 2178 441 2224 sum
475 2154 754 2245 quidem
785 2152 1006 2224 1026.
1041 2153 1157 2223 ubi
1188 2155 1476 2222 maxime
1507 2163 1878 2246 exspectes,
1931 2152 2020 2222 de
2050 2152 2350 2223 Chirone
2381 2156 2506 2224 ali-

291 2257 461 2348 quid
501 2281 574 2327 se
598 2256 997 2327 inaudivisse
1026 2256 1338 2350 prodant.

500 2361 951 2432 Scholiastam
980 2363 1035 2429 si
1063 2362 1334 2430 missum
1366 2359 1671 2447 facimuS,
1723 2369 1877 2427 sunt
1916 2358 2275 2450 quaedam,
2329 2382 2506 2451 quae

291 2463 581 2534 suadere
612 2465 999 2550 videantur,
1052 2472 1127 2533 ut
1163 2464 1471 2533 Solutum
1505 2462 1993 2532 Prometheum
2036 2486 2173 2533 non
2218 2465 2505 2532 coniun-

292 2577 477 2637 ctum
522 2591 679 2637 cum
727 2568 972 2637 Vincto
1014 2568 1219 2637 fuisse
1267 2565 1716 2637 conficiamus·
1821 2565 2084 2635 Eorum
2131 2589 2338 2637 unum
2384 2576 2508 2649 est,

288 2672 534 2763 idque,
586 2681 662 2741 ut
694 2672 855 2741 mihi
891 2671 1165 2762 quidem
1191 2671 1492 2756 videtur,
1544 2693 1684 2738 non
1712 2671 1862 2740 leve
1898 2671 2314 2762 putandum,
2368 2694 2507 2763 quo

287 2799 399 2844 me
430 2777 565 2844 iam
598 2777 669 2843 in
713 2773 1169 2845 dissertatione
1209 2776 1321 2842 illa
1340 2825 1360 2860 ,
1412 2797 1587 2865 quae
1613 2785 1719 2842 est
1755 2773 1844 2843 de
1877 2774 2369 2868 compositione
2401 2785 2508 2844 te-

288 2880 726 2973 tralogiarum
744 2929 763 2965 ,
817 2901 952 2947 non
986 2878 1415 2947 mediocriter
1460 2888 1875 2945 commotum
1924 2901 2071 2946 esse
2114 2878 2506 2970 significavi.

286 2984 467 3051 Nam
505 3005 717 3073 quum
762 2982 903 3051 veri
944 2982 1349 3051 simillimum
1395 2982 1511 3064 sit,
1577 2981 1645 3048 in
1680 2981 1962 3072 trilogiis
2010 2981 2378 3049 condendis
2436 2982 2508 3049 id

288 3087 703 3179 spectavisse
754 3095 1029 3177 poetas,
1092 3095 1169 3153 ut
1209 3087 1357 3176 ipsa
1401 3081 1778 3152 inventione
1823 3084 1996 3151 inter
2038 3106 2112 3151 se
2154 3083 2506 3153 dissimiles

287 3198 512 3259 essent
538 3188 834 3275 fabulae,
888 3187 1024 3257 duo
1052 3189 1147 3256 illi
1173 3185 1585 3272 Promethei,
1636 3196 1957 3275 quantum
1986 3187 2313 3278 colligere
2338 3209 2507 3280 pos-

286 3315 558 3377 sumus,
610 3301 795 3360 tanta
833 3291 1104 3361 fuerunt
1149 3288 1612 3369 similitudine,
1654 3299 1742 3369 ,ut
1774 3289 1886 3357 vix
1928 3300 2280 3381 appareat,
2329 3312 2504 3379 quo-

283 3397 500 3467 modo
527 3396 900 3465 consociari
928 3396 1069 3464 sine
1097 3394 1394 3484 quadam
1420 3390 1796 3462 offensione
1820 3393 2179 3484 potuerint.
2232 3393 2504 3461 Etenim

282 3508 360 3568 ut
384 3499 612 3567 Vincti
638 3499 928 3567 maxima
953 3497 1460 3590 propemodum
1490 3518 1651 3587 pars
1685 3495 2169 3587 descriptiones
2197 3496 2507 3566 locorum

281 3604 781 3697 regionumque
797 3652 819 3690 ,
873 3626 1040 3692 quas
1089 3601 1167 3669 lo
1203 3602 1314 3670 vel
1362 3600 1827 3692 peragraverit
1844 3646 1865 3683 ,
1917 3599 2027 3666 vel
2074 3597 2365 3690 posthac
2422 3602 2509 3669 sit

280 3714 740 3800 pervagatum
760 3753 782 3791 ,
835 3706 1175 3791 continet,
1227 3705 1324 3773 sic
1369 3704 1442 3771 ἰιι
1484 3703 1726 3772 Soluto
1764 3701 2028 3794 prolixe
2068 3700 2158 3769 de
2188 3701 2509 3774 Herculis

283 3808 825 3903 expeditionibus
873 3808 1249 3902 expositum
1311 3829 1461 3875 esse
1516 3814 1745 3898 patet,
1812 3805 1883 3872 in
1927 3814 2216 3894 utroque
2279 3816 2507 3877 autem

285 3914 489 3982 etiam
515 3910 607 3981 de
636 3912 919 3981 inventis
937 3962 959 4000 ,
1008 3911 1250 4002 quibus
1292 3908 1740 3978 Prometheus
1767 3909 1972 3977 vitam
1996 3906 2347 3978 hominum
2375 3911 2506 3980 ad-

282 4013 611 4103 iuvisset,
658 4016 941 4107 copiose
988 4014 1117 4082 fuit
1174 4012 1601 4105 explicatum.
1707 4011 1907 4097 Quae
1963 4012 2376 4083 narrationes
2431 4024 2509 4083 ut

287 4119 399 4187 vel
434 4119 723 4187 maxime
757 4119 1013 4187 animos
1053 4115 1461 4186 audientium
1490 4116 1840 4202 retineant,
1891 4134 2252 4206 rerumque
2281 4116 2505 4186 admi-

286 4221 597 4289 rabilium
643 4222 936 4290 novitate
975 4221 1357 4304 oblectent,
1406 4230 1637 4288 tamen
1668 4241 1797 4310 per
1820 4217 1989 4287 duas
2038 4218 2300 4288 fabulas
2335 4242 2506 4289 con-

291 4324 580 4393 tinuatae
608 4325 851 4393 mirum
886 4324 952 4393 ni
980 4323 1234 4413 aliquid
1258 4323 1572 4391 satietatis
1603 4321 1851 4390 afferre
1884 4321 2256 4391 debuerint.

492 4427 759 4498 Deinde
805 4430 929 4497 etsi
972 4427 1247 4496 minime
1284 4448 1561 4495 necesse
1611 4434 1718 4495 est
1743 4426 2068 4516 temporis
2101 4424 2507 4494 continuita-

289 4540 423 4601 tem
450 4531 522 4603 in
556 4531 924 4625 tragoediis
952 4552 1179 4602 rerum
1213 4528 1449 4600 ordine
1478 4527 1994 4599 cohaerentibus
2024 4528 2340 4620 spectari,
2398 4538 2511 4597 ta-
