3259 5275
1061 467 1238 529 LIB.
1279 466 1384 533 111.
1473 463 1670 528 (ΞΔ-Ρ.
1713 469 1781 532 6.
2405 475 2543 541 15²

313 656 405 733 ἄν
449 658 842 728 coniunctus
855 705 878 744 ‚
941 680 1030 726 au
1070 656 1529 727 coniunctivus
1573 657 1906 751 praeferri
1953 657 2238 750 debeat,
2304 665 2540 757 paucis

312 762 842 847 declarabimus,
896 760 1059 852 quid
1086 760 1221 830 hae
1253 759 1518 830 dicendi
1547 761 1808 830 formae
1838 761 2176 838 differant.

517 867 745 956 Atque
777 874 853 934 ιιι
881 890 923 932 a
955 865 1374 935 coniunctivo
1403 865 1832 959 incipiamus,
1881 867 1938 936 is
1958 866 2388 939 deliberantis
2417 878 2540 1001 est,

308 969 433 1038 ut
411 993 482 1038 ιιι
507 968 995 1039 Eumenidibus
1033 965 1207 1043 791.
1241 965 1419 1037 821.

511 1150 594 1197 τι
583 1120 793 1222 ’ῥέξω
809 1171 831 1209 ,
882 1124 1247 1217 γένωμαι·
1217 1175 1242 1214 ,

309 1276 496 1372 quid
523 1270 814 1370 agenn?
842 1260 1046 1369 'quid
1085 1297 1202 1344 me
1215 1268 1439 1372 fiat?
1488 1273 1906 1344 Deliberatio
1935 1286 2161 1346 autem
2200 1301 2412 1369 quum
2448 1281 2541 1350 ad

308 1380 659 1475 agendum
701 1389 997 1473 spectet,
1048 1379 1340 1448 refertur
1374 1378 1830 1447 coniunctivae
1868 1383 2246 1451 necessario
2291 1384 2381 1451 ad
2426 1384 2539 1454 fu-

308 1496 498 1570 tura,
552 1485 916 1574 subestque
964 1483 1026 1552 ei
1059 1482 1231 1551 haec
1260 1482 1621 1551 sententia:
1673 1481 1940 1552 nescio.
2007 1484 2163 1554 Alia
2194 1496 2298 1556 est
2333 1500 2538 1583 opta-

307 1588 428 1657 tivi
465 1588 673 1677 ratio,
726 1596 804 1655 ιιι
833 1586 1021 1679 apud
1052 1585 1501 1655 Theocritum
1528 1586 1808 1655 XXVII.
1843 1584 1965 1654 24.

520 1739 641 1812 καὶ
682 1736 826 1838 τί,
856 1737 1101 1836 φίλος,
1148 1740 1436 1837 ῥέξαιμι
1449 1764 1477 1831 ,·

314 1894 502 1985 quod
530 1892 665 1961 illic
698 1892 974 1983 quidem
1002 1893 1398 1962 vertendum
1433 1902 1555 1981 est,
1601 1892 1781 1987 quid
1790 1889 2146 1986 facerem
2163 1887 2207 1962 ?
2257 1892 2342 1963 ld
2376 1919 2543 1967 vero

311 2020 452 2067 ιιοιι
483 2006 587 2066 est
619 1995 1047 2065 deliberantis
1065 2044 1086 2080 ,
1140 1997 1265 2065 sed
1298 1997 1620 2066 iudicium
1649 1997 2075 2086 exquirentis,
2129 1998 2541 2068 subiectam-

315 2125 450 2192 que
473 2101 685 2169 habet
715 2100 895 2169 hanc
927 2101 1354 2169 seutentiam:
1404 2123 1550 2170 non
1566 2110 1771 2195 puto.
1875 2099 2165 2168 ludicari
2198 2112 2422 2173 autem
2454 2104 2545 2175 de

313 2204 781 2298 praesentibus
824 2213 892 2273 et
930 2204 1306 2296 praeteritis
1333 2227 1471 2273 non
1497 2206 1712 2273 minus
1747 2225 1951 2294 quam
1986 2203 2075 2272 de
2111 2204 2349 2276 futuris
2377 2216 2542 2299 pot-

315 2318 435 2380 est.
502 2307 734 2393 Quare
765 2308 1045 2400 optativi
1075 2329 1230 2376 usus
1260 2308 1425 2376 nulli
1455 2316 1558 2377 est
1589 2307 1882 2399 tempori
1914 2306 2287 2378 adstrictus.
2358 2311 2543 2379 Hinc

313 2412 394 2479 fit
409 2459 431 2496 ,
482 2421 583 2501 ut,
634 2433 843 2501 quum
877 2410 965 2479 de
991 2412 1367 2503 praeteritis
1395 2412 1756 2502 loquimur,
1810 2411 2192 2479 necessario
2227 2414 2311 2481 sit
2346 2423 2546 2506 opta-

314 2515 453 2582 tivo
485 2513 849 2600 utendum,
903 2516 1064 2604 quia
1106 2515 1194 2583 de
1235 2514 1341 2583 his
1381 2513 1661 2583 iudicari
1704 2513 2020 2604 quidem,
2073 2513 2197 2583 sed
2235 2539 2374 2586 uou
2417 2517 2545 2587 de-

316 2617 585 2688 liberari
610 2626 859 2710 potest.
962 2617 1149 2686 Vtin
1181 2617 1509 2710 Aeschyli
1537 2617 1943 2712 Supplicum
1973 2618 2195 2690 initio:

523 2770 693 2844 τίνα
718 2772 893 2862 γοῦν
925 2765 1165 2864 χώραν
1192 2768 1519 2868 εὔφρονα
1546 2772 1832 2867 μᾶλλον

524 2870 725 2971 τῆςδ’
752 2869 1246 2968 οἷφικοίμεθας

316 3029 516 3097 Patet
556 3036 783 3096 autem
807 3081 828 3117 ,
882 3027 936 3096 si
980 3037 1235 3097 rectam
1276 3027 1650 3097 orationem
1690 3028 1998 3098 restituas
2013 3075 2036 3112 ‚
2101 3049 2240 3096 nou
2293 3028 2549 3120 ubique

317 3153 521 3225 posse
551 3131 692 3199 eius
726 3131 955 3220 verbi,
1004 3132 1188 3201 cuius
1224 3134 1597 3225 optativum
1636 3134 1932 3225 positum
1971 3131 2312 3216 videmus,
2363 3134 2546 3203 iudi-

320 3236 614 3304 cativum
667 3234 993 3306 adhiberi.
1096 3235 1191 3303 Vt
1229 3234 1366 3304 hoc
1416 3238 1640 3329 ipsum
1688 3235 1767 3308 τί
1820 3236 2109 3334 ῥέξαιμι
2150 3243 2337 3304 recta
2389 3260 2543 3306 ora·

319 3340 502 3407 tione
531 3337 785 3406 dictum
832 3360 967 3405 non
1019 3348 1122 3407 est
1169 3338 1247 3411 τί
1292 3340 1535 3435 ἔρεξα,
1589 3339 1714 3407 sed
1757 3339 1835 3412 τί
1876 3338 2171 3437 ῥεκτεόν
2216 3334 2351 3434 ἤνς
2400 3339 2547 3409 Sed

320 3443 375 3511 si
418 3463 734 3532 quaeras·
751 3434 1080 3535 ποιήσειε
1122 3442 1395 3532 τοῦπος
1424 3440 1711 3534 feccrit
1758 3436 2017 3511 istud?
2067 3450 2211 3508 tum
2250 3464 2415 3510 vero
2457 3443 2547 3512 li-

322 3546 502 3614 cebit
531 3559 720 3612 recta
744 3545 1045 3613 oratione
1075 3545 1242 3631 dici,
1296 3544 1588 3641 ἐποίησε
1622 3546 1898 3636 τοῦπος
1942 3545 2270 3613 Nimirum
2300 3545 2412 3613 hic
2455 3546 2547 3616 de

320 3648 505 3717 facto
544 3648 923 3737 quaeritur3
974 3648 1042 3715 in
1084 3649 1200 3716 illo
1244 3657 1470 3716 autem
1503 3649 1819 3740 exemplo
1858 3600 1946 3716 de
1983 3656 2169 3716 recte
2196 3649 2546 3718 faciendo
2526 3700 2558 3735 .,

320 3763 393 3821 ut
425 3752 520 3820 ibi
559 3773 837 3842 quoque
895 3752 1195 3820 eiusdem
1239 3752 1430 3819 verbi
1476 3751 1835 3820 indicativo
1879 3751 1975 3819 uti
2020 3752 2274 3843 possis,
2338 3753 2548 3821 modo

321 3856 415 3924 sic
459 3854 682 3944 dicas,
738 3850 867 3927 οὐκ
907 3850 1150 3950 ὀρθῶς
1177 3856 1414 3950 ἔρεξας
1451 3856 1631 3923 Nam
1656 3854 1822 3923 illud
1853 3854 1934 3926 τί
1961 3855 2248 3950 ῥέξαιμι
2279 3878 2355 3923 re
2385 3879 2549 3925 vera

321 3958 484 4027 nihil
522 3967 626 4026 est
669 3956 791 4026 nisi
831 3958 1230 4026 coniunctivi
1275 3958 1342 4025 in
1386 3960 1689 4027 oratione
1735 3957 2013 4048 obliqua
2050 3980 2206 4026 cum
2243 3960 2547 4052 optativo

323 4061 781 4131 commutatio.
885 4061 1123 4130 Tertia
1169 4062 1339 4129 ratio
1394 4071 1497 4131 est
1544 4061 1827 4156 optativi
1870 4084 2027 4129 cum
2076 4053 2407 4153 particula
2453 4060 2547 4137 ἄν

321 4163 700 4252 coniuncti,
751 4172 829 4232 ut
847 4163 1040 4237 Iliad.
1067 4193 1134 4237 τ.
1166 4162 1290 4232 90.

525 4308 718 4390 duo?
763 4313 844 4389 τί
891 4344 1011 4392 κεν
1063 4318 1394 4416 ῥέξαιμι,-

326 4492 498 4563 quae
529 4467 725 4562 quod
756 4469 1138 4564 optativum
1176 4470 1387 4541 habet
1423 4470 1573 4564 ipsa
1604 4492 1879 4561 quoque
1923 4478 2026 4539 est
2067 4467 2386 4539 iudicium
2425 4488 2545 4537 ex-
