3259 5275
732 467 816 533 13
1442 453 1555 520 DE
1594 452 2142 516 PARTICVLA
2185 447 2280 518 ἄν

734 678 870 748 que
914 648 1308 746 oppositum
1348 646 1717 742 cogitatur,
1761 639 1849 720 οὖ
1884 638 2033 741 μήν
2081 640 2202 717 εἰεί
2210 695 2232 731 ,
2282 644 2395 714 vel
2427 644 2760 737 quidquid
2809 640 2951 715 hu·-

734 758 1022 831 iusmodi
1051 774 1326 845 quoque
1350 754 1508 821 loco
1547 774 1659 820 res
1699 750 1997 846 requirit.
2101 750 2259 818 Non
2297 749 2582 841 impleta
2626 759 2855 819 autem
2896 748 2953 817 si

734 860 1122 953 intelligitur
1153 855 1484 944 conditio,
1533 862 1609 923 ιιι
1637 844 1881 947 ἔλεγον
1915 850 2047 939 ἄν,
2100 854 2170 926 εἰ
2207 845 2655 949 ἐβουλόμην,
2705 852 2952 921 veritas

736 965 899 1035 facti
938 972 1081 1031 tota
1120 960 1406 1045 tollitur,
1456 958 1964 1046 affirmaturque
2006 963 2300 1044 tantum,
2354 956 2768 1048 impendisse
2810 957 2953 1025 eius

731 1067 1186 1138 effectionem.
1254 1061 1457 1132 Vnde
1494 1061 1889 1154 oppositum
1915 1061 2268 1153 cogitatur,
2320 1054 2486 1133 ἀλλ’
2522 1062 2656 1132 οὐκ
2685 1059 2952 1152 ἔλεγον.

939 1169 1051 1237 Ex
1099 1166 1204 1235 his
1246 1165 1471 1258 primo
1525 1164 1864 1257 colligitur
1885 1213 1907 1250 ‚
1962 1164 2207 1256 ἔλεγον
2250 1159 2343 1238 ἄν
2374 1163 2442 1231 in
2487 1170 2777 1253 nti-oque
2822 1184 2953 1255 ge-

737 1296 936 1356 nere,
988 1279 1059 1339 et
1093 1270 1164 1337 in
1208 1291 1292 1337 eo
1327 1267 1518 1359 quod
1549 1270 1618 1336 in
1664 1292 1742 1337 re
1785 1268 2003 1353 facta,
2044 1275 2115 1334 et
2151 1265 2222 1334 in
2259 1287 2346 1334 eo
2383 1265 2574 1357 quod
2612 1266 2797 1335 inre
2818 1287 2956 1334 non

737 1377 921 1446 facta
944 1382 1266 1462 versatur,
1319 1370 1629 1441 eamdem
1656 1370 1793 1439 vim
1818 1370 2095 1438 habere.
2163 1369 2343 1438 Nam
2386 1368 2576 1460 quod
2614 1371 2784 1438 aliae
2822 1370 2955 1438 lin·-

738 1499 919 1573 guae
952 1477 1127 1544 haec
1161 1498 1417 1568 genera
1449 1474 1870 1561 discernunt,
1932 1482 2009 1541 ut
2049 1472 2294 1541 Latina
2314 1524 2334 1561 ‚
2398 1495 2574 1563 quae
2611 1473 2680 1541 in
2736 1473 2956 1542 altero

742 1578 1077 1652 dicebam
1105 1576 1320 1673 scre,
1385 1578 1457 1647 in
1504 1580 1715 1646 altero
1776 1576 2101 1646 dicerem
2151 1584 2467 1668 usurpat,
2542 1576 2710 1645 nihil
2744 1575 2821 1644 id
2865 1574 2958 1644 ad

743 1685 1051 1754 Graecos
1066 1731 1089 1768 ,
1143 1682 1261 1772 qui
1304 1680 1494 1771 quod
1536 1702 1892 1749 commune
1937 1679 2183 1748 horum
2225 1701 2555 1771 generum
2595 1689 2699 1749 est
2733 1680 2956 1773 respi-

741 1788 989 1856 cientes
1003 1833 1024 1865 ,
1074 1784 1142 1853 in
1166 1794 1454 1873 utroque
1492 1782 1733 1852 eadem
1759 1783 1983 1851 forma
2006 1781 2274 1850 dicendi
2296 1791 2590 1851 utuntur.
2691 1816 2704 1828 ·

888 1899 893 1904 '
940 1885 1204 1956 Deinde
1241 1885 1406 1955 illud
1438 1908 1715 1977 quoque
1754 1895 2096 1979 apparet,
2144 1907 2266 1953 cur
2280 1936 2302 1973 ,
2352 1886 2473 1954 ubi
2500 1907 2639 1953 non
2673 1885 2959 1977 impleta

741 1989 1037 2059 conditio
1069 1989 1476 2082 intelligitur,
1506 1990 1883 2058 necessario
1909 1988 2285 2081 praeteritis
2312 1989 2731 2080 temporibus
2755 1997 2958 2056 uten-

742 2094 910 2162 dum
935 2092 1040 2176 sit,
1075 2115 1394 2184 praesens
1425 2101 1650 2162 autem
1674 2093 1874 2183 eique
1892 2101 2176 2184 compar
2202 2092 2607 2183 perfectum,
2658 2114 2742 2159 ac
2768 2091 2959 2160 futu—

739 2218 891 2265 rum
932 2194 1390 2264 excludantur.
1491 2196 1670 2264 Nam
1720 2217 1942 2286 neque
1986 2194 2154 2285 quid
2200 2194 2475 2284 fuisset,
2526 2217 2752 2284 neque
2792 2194 2960 2284 quid

741 2321 919 2368 nunc
938 2306 1140 2384 esset,
1189 2320 1412 2389 neque
1448 2297 1612 2387 quid
1637 2299 1937 2366 futurum
1961 2306 2164 2385 esset,
2216 2297 2497 2390 cogitari
2533 2305 2782 2389 potest,
2833 2298 2961 2367 nisi

740 2403 879 2471 iam
935 2408 1220 2487 constet,
1285 2421 1421 2469 non
1480 2422 1629 2469 esse
1671 2399 1929 2468 factum
1966 2398 2040 2467 id
2056 2448 2078 2483 ‚
2150 2400 2333 2469 unde
2377 2402 2504 2469 ista
2546 2400 2957 2492 pendebant.

745 2503 977 2589 Quare
1005 2525 1214 2592 quum
1232 2501 1422 2588 illud,
1471 2524 1611 2571 non
1639 2525 1786 2572 esse
1823 2502 2174 2594 impletam
2200 2502 2677 2588 conditionem,
2713 2504 2863 2572 iam
2875 2504 2962 2573 sit

742 2628 850 2676 res
875 2605 1260 2699 praeterita,
1311 2606 1513 2675 etiam
1541 2628 1718 2697 quae
1750 2627 1836 2675 ex
1873 2606 1989 2675 illa
2020 2603 2404 2676 conditione
2430 2605 2843 2699 pendebant,
2890 2606 2962 2675 in

741 2709 1118 2802 praeteritis
1167 2719 1618 2779 numerantur.
1723 2708 1870 2779 Sed
1921 2732 2009 2778 ne
2065 2708 2213 2800 quis
2273 2709 2449 2779 forte
2504 2711 2960 2795 conturbetur,

742 2811 935 2904 quod
965 2834 1104 2880 non
1144 2812 1495 2905 impletam
1535 2813 1990 2882 conditionem
2019 2834 2337 2880 vocamus
2356 2864 2378 2900 ,
2443 2835 2621 2902 quae
2656 2812 2962 2882 videatur

744 2914 996 2984 eodem
1022 2916 1166 2984 iure
1213 2915 1491 3007 impleta
1531 2916 1666 2984 dici
1708 2939 1948 3008 posse,
2000 2914 2577 3006 quemadmodum
2586 2914 2960 3010 facerem,
3085 2916 3092 2922 ’

743 3018 887 3088 nisi
912 3018 1206 3089 vetitum
1255 3027 1446 3088 esset
1476 3018 1661 3088 idem
1697 3028 1799 3088 est
1837 3018 2029 3108 quod
2054 3017 2408 3113 facerem
2460 3019 2526 3089 si
2561 3028 2755 3089 esset
2797 3018 2961 3088 lici-

747 3130 902 3192 tum
915 3146 940 3190 .·
990 3122 1403 3191 monendum
1436 3131 1775 3215 putamus,
1826 3121 2278 3191 conditionem
2300 3144 2504 3215 posse
2531 3123 2644 3191 vel
2667 3122 2961 3191 affirma-

742 3224 950 3293 tivam
988 3226 1099 3293 vel
1135 3225 1521 3318 negativam
1562 3249 1713 3295 esse
1727 3275 1748 3313 ,
1819 3226 2323 3316 qualiscumque
2373 3234 2602 3317 autem
2656 3227 2778 3312 sit,
2831 3246 2962 3294 no-

743 3329 998 3398 tionem
1023 3328 1463 3421 spectandam
1495 3351 1643 3398 esse
1689 3351 1864 3413 eam,
1915 3350 2093 3418 quae
2130 3351 2215 3397 ex
2240 3329 2357 3397 illa
2394 3329 2776 3398 conditione
2809 3350 2962 3397 sus-

744 3453 959 3523 pensa
1008 3441 1141 3501 est:
1190 3441 1266 3500 ut
1279 3430 1667 3526 facerem,
1716 3433 1830 3501 vel
1856 3453 2000 3501 non
2020 3430 2411 3527 facerem.-
2460 3454 2618 3501 nam
2663 3431 2962 3502 conditio

747 3542 849 3601 est
876 3555 1132 3621 caussa,
1181 3558 1319 3625 qna
1348 3534 1511 3625 quid
1551 3537 1691 3604 fiat.
1794 3535 2034 3625 ltaque
2049 3534 2402 3630 facerem
2430 3536 2525 3604 sic
2551 3534 2961 3627 intelligitur,

746 3635 803 3703 si
838 3645 1075 3705 caussa
1107 3646 1284 3706 esset
1324 3638 1658 3707 faciendi:
1709 3645 1779 3707 at
1806 3659 1944 3707 non
1973 3649 2080 3708 est·
2113 3661 2348 3711 caussa
2369 3637 2700 3707 faciendi:
2748 3660 2963 3728 quare

746 3759 886 3806 non
913 3737 1130 3821 facio;
1180 3762 1325 3810 non
1344 3738 1695 3834 facerem
1722 3750 1967 3830 autem,
2019 3744 2075 3811 si
2099 3764 2334 3813 caussa
2355 3762 2497 3810 non
2521 3741 2814 3810 faciendi
2848 3764 2962 3810 es-

747 3849 885 3909 setz
938 3850 1008 3911 at
1046 3864 1187 3910 non
1230 3853 1334 3912 est
1376 3865 1613 3914 caussa
1658 3867 1797 3914 non
1827 3844 2148 3915 faciendit
2190 3867 2329 3915 non
2372 3866 2546 3939 ergo
2587 3867 2729 3914 non
2757 3843 2963 3927 facio,

746 3943 789 4012 i.
815 3966 874 4012 e.
906 3944 1101 4016 facio.
1963 3976 1967 3981 ’

949 4047 1263 4138 Denique
1297 4070 1462 4119 vero
1492 4051 1697 4120 etiam
1724 4046 1814 4119 de
1849 4050 2176 4141 impletae
2211 4049 2604 4121 conditionis
2630 4050 2962 4143 tempori·-

744 4147 871 4217 bus
895 4149 1171 4219 iudicari
1196 4154 1465 4243 poterit,
1567 4154 1675 4222 Ac
1719 4152 1898 4222 dicat
1922 4154 2070 4243 quis
2102 4153 2378 4223 forsitan
2394 4201 2417 4240 ,
2471 4175 2647 4245 quae
2680 4154 2988 4245 impleta,

745 4252 969 4341 aliqua
1013 4254 1391 4324 conditione
1426 4257 1625 4341 flant,
1677 4278 1815 4325 non
1853 4257 2071 4326 minus
2102 4256 2357 4326 debere
2395 4258 2740 4349 praeteriti
2783 4268 2965 4325 tem·
2995 4248 3004 4255 ’

741 4355 928 4446 poris
958 4377 1141 4447 esse,
1197 4359 1354 4448 quia
1393 4357 1531 4429 hoc
1566 4381 1877 4452 quoque,
1930 4383 2078 4429 esse
2113 4361 2300 4429 illam
2343 4359 2793 4437 conditionem
2828 4360 2966 4427 im·

743 4459 1022 4549 pletam,
1070 4481 1203 4552 pro
1229 4463 1597 4554 praeterito
1636 4462 2030 4533 habendum
2056 4463 2171 4534 sit=
2222 4463 2415 4533 aliter
2444 4463 2623 4532 enim
2657 4461 2963 4533 nondum
