3259 5275
726 416 730 421 ·
768 425 899 526 334
1315 421 1420 486 DE
1453 419 1825 486 MENSVRA
1859 421 2310 506 vmrstvs
2347 421 2449 492 ἄν.

1132 511 1159 550 ἢ

1077 616 1303 700 ἔξωθε
1334 610 1404 689 δ’
1437 614 1603 689 εἴσω
1631 610 1741 710 τῷ
1769 613 2076 711 φέροντι
2105 616 2528 714 μέμψεται,

1082 734 1359 811 πυκνοῦ
1387 734 1809 831 κροτησμοῦ
1837 728 2278 829 τυγχάνουσ’
2303 733 2453 813 ὕπο
2479 734 2783 836 πτόλινρ

1082 855 1280 933 θεῶν
1324 847 1731 930 θελόντων·
1783 853 1877 927 ὃν
1909 850 2406 954 ἀληθεύσαιμ’
2434 854 2590 955 ἐγώ.

914 1057 923 1062 -
975 1013 1129 1086 ΧΠ.
1211 1011 1460 1102 (ΧΠ.)
1526 1007 1827 1079 Alexidis
1875 1009 2333 1103 fragmentum
2394 1022 2496 1083 est
2540 1016 2731 1108 apud
2767 1017 2982 1090 Athe-

656 1131 669 1150 ¹
772 1143 1017 1192 naeum
1041 1119 1129 1186 X.
1174 1139 1246 1208 p.
1272 1114 1450 1189 422.
1487 1116 1571 1184 A.
1602 1113 1690 1183 B.
1735 1113 1922 1184 cuius
1961 1124 2226 1208 partem
2251 1116 2412 1188 iude
2438 1122 2709 1213 repetiit
2734 1122 2982 1192 Eusta-

646 1233 651 1238 ’
769 1227 948 1295 thius
984 1245 1056 1316 p.
1086 1218 1323 1308 1837,
1376 1217 1497 1288 20.

1514 1348 1798 1450 μα’θοις
1831 1350 1903 1430 δ’
1932 1382 2024 1429 αν
2055 1354 2216 1430 οἶον
2249 1353 2670 1456 ἀνθρώποις
2702 1356 2920 1435 κακὼ

1080 1476 1281 1552 ἔστιν
1341 1472 1385 1575 ἦ
1451 1472 1769 1575 γαστήρ,
1853 1469 2180 1655 geddouec
2249 1474 2321 1554 δ’
2384 1475 2527 1572 οἷ’,
2605 1475 2981 1577 ἀναγκάζει

1951 1607 2088 1653 οσα

1080 1682 1158 1757 εἴ
1180 1709 1292 1765 τις
1321 1677 1584 1778 dquam
1621 1677 1839 1756 τοῦτ’
1869 1679 2004 1775 ἀφ’
2035 1709 2241 1779 ημων
2283 1712 2371 1758 το
2417 1688 2638 1785 μέρος
2667 1680 2822 1761 duo*
2852 1688 2982 1761 τοῦ

1850 1778 2222 1880 σώματος,

1081 1899 1246 1980 οὐδ’
1307 1929 1401 1978 αν
1463 1897 1782 1993 ἀδικοῖτ’
1828 1902 2041 1980 οὐδὲν
2119 1901 2350 1989 οὐδεὶς
2421 1905 2601 1984 οὔθ’
2639 1906 2978 2009 ὕβρίζοιτ’

1844 2008 1936 2082 ἄν
1966 2002 2167 2082 ἑκών.

1078 2112 1210 2189 νῦν
1253 2108 1331 2187 δὲ
1362 2103 1487 2186 δια
1512 2102 1793 2203 ταύτην
1825 2108 2136 2188 ἅπαντα·
2163 2107 2492 2214 γίγνεται
2524 2108 2625 2188 τοὶ
2666 2116 2978 2216 δυςχερῆ.

765 2270 885 2343 Sic
929 2291 1162 2339 versus
1213 2267 1364 2354 ille,
1449 2266 1637 2336 cuius
1687 2263 2002 2336 mensura
2056 2267 2354 2356 laborat,
2421 2276 2489 2337 et
2535 2268 2723 2363 apud
2769 2271 2978 2342 Athe-

765 2396 1015 2446 naeum
1073 2381 1143 2441 et
1183 2370 1372 2464 apud
1416 2369 1844 2440 Eustathium
1886 2372 2173 2464 scriptus
2217 2379 2354 2457 est,
2423 2395 2551 2441 nec
2611 2375 2979 2465 quidquam

765 2486 1058 2550 variatur
1094 2475 1217 2544 nisi
1251 2473 1442 2566 quod
1484 2473 1971 2544 Laurentianus
2021 2475 2107 2544 Β.
2165 2470 2398 2556 οὐδεὶς
2434 2476 2698 2551 omittit.
2805 2478 2978 2548 Cor-

764 2585 998 2676 rigunt
1031 2580 1098 2648 in
1139 2579 1370 2672 priore
1417 2588 1613 2671 parte
1663 2574 1830 2653 οὔτ’
1859 2576 1972 2653 ἄν.
2089 2578 2170 2647 ln
2214 2580 2425 2648 altera
2467 2580 2871 2670 Dindorfio‚
2925 2583 2979 2653 si

766 2684 933 2778 quid
975 2682 1375 2752 mutandum
1422 2692 1634 2769 esset,
1695 2678 1875 2757 οὔθ’
1905 2679 2265 2779 ὖβρίζοιτ’
2293 2679 2405 2757 ἔτ’
2457 2682 2549 2756 ἄν
2592 2681 2770 2759 ἑκων
2813 2689 2977 2758 scri-

762 2788 1070 2860 bendum
1112 2786 1485 2854 videbatur.
1591 2785 1805 2870 Quod
1842 2808 2051 2874 quum
2092 2797 2320 2855 tamen
2355 2809 2599 2879 parum
2639 2790 2976 2883 elegantes
3095 2793 3122 2802 ,,
3221 2756 3222 2781 η

766 2912 1082 2965 numeros
1132 2888 1498 2982 praebeat,
1558 2890 1911 2979 oratioque
1960 2890 2026 2957 in
2084 2890 2405 2959 librorum
2456 2893 2792 2984 scriptura
2843 2906 2977 2962 tam

764 2998 977 3093 plana
1010 3017 1092 3062 ao
1135 2992 1345 3062 nitida
1390 2991 1510 3082 sit,
1568 3001 1647 3061 ut
1677 3015 1815 3062 non
1856 3003 2218 3084 appareat,
2270 2994 2500 3084 quid
2482 3017 2553 3063 m
2588 2997 2724 3064 vitii
2757 3000 2976 3091 suspi-

766 3102 1033 3170 cionem
1083 3095 1333 3165 adduci
1386 3096 1636 3188 possit,
1714 3095 1851 3164 hoc
1902 3098 2290 3189 exemplum
2337 3098 2637 3167 omnium
2690 3104 2974 3170 maxime

761 3205 980 3274 visum
1018 3209 1119 3270 est
1163 3222 1375 3291 quum
1415 3199 1952 3268 emendationem
1986 3222 2257 3268 omnem
2292 3224 2560 3288 arcere,
2620 3211 2765 3272 tum
2808 3228 2974 3297 pro-

766 3307 1153 3377 ductionem
1193 3304 1466 3372 firmare
1501 3303 1892 3394 particulae.
1994 3302 2142 3372 Sed
2182 3312 2408 3373 tamen
2446 3305 2500 3373 si
2546 3309 2819 3377 omnino
2870 3311 2972 3377 in-

766 3409 1093 3480 credibile
1149 3416 1251 3475 est
1308 3429 1635 3497 umquam
1700 3406 2115 3499 productum
2175 3430 2324 3476 esse
2381 3406 2512 3499 ἄν,
2597 3433 2728 3501 per
2796 3411 2972 3481 huno

761 3513 1078 3608 profecto
1132 3532 1402 3578 versum
1456 3509 1664 3578 nihilo
1719 3511 1840 3579 fiet
1883 3510 2291 3585 credibilius.
2415 3511 2658 3581 Veniat
2694 3514 2971 3585 fortasse

765 3616 1057 3710 cuipiam
1084 3614 1155 3682 in
1179 3622 1470 3682 mentem
1488 3666 1510 3702 ‚
1559 3635 1696 3681 non
1724 3636 2001 3706 prorsus
2030 3612 2519 3706 negligendum
2558 3639 2739 3704 esse,
2790 3610 2970 3709 quod

763 3720 917 3790 libri
946 3720 1014 3787 in
1050 3718 1384 3810 principio
1413 3716 1670 3786 habent
1710 3713 1886 3790 οὐδέ
1896 3747 1919 3785 .·
1970 3740 2126 3786 nam
2153 3728 2570 3817 permutatas
2605 3744 2754 3789 esse
2780 3723 2968 3791 sedes

760 3823 1222 3916 negationum,
1276 3843 1623 3912 quumque
1653 3821 1926 3913 gravius
1962 3821 2046 3889 sit
2075 3818 2529 3917 ὑβρίζεσθαι,
2568 3846 2776 3914 quam
2813 3821 2970 3899 οἱδι-

761 3931 1088 4012 κεῖσθαιῆ
1130 3924 1226 3994 sic
1252 3924 1479 4018 potius
1513 3925 1809 3994 scribere
1836 3923 2152 3994 debuisse
2180 3925 2520 3996 librarioS.
2832 3960 2840 3968 ·

1073 4071 1239 4153 οὔτ’
1273 4106 1366 4153 αν
1423 4073 1744 4153 οέδικοῖτ’
1793 4073 2006 4154 οὐδὲν
2072 4074 2345 4170 οὐδείς,
2427 4074 2596 4154 οὐδ
2626 4077 2968 4181 υβρίζοιτ’

1834 4179 1927 4255 ἄν
1955 4210 2001 4278 γ
2012 4175 2256 4256 'iunia‘-

755 4336 1011 4408 Verum
1059 4335 1224 4423 alia,
1300 4358 1518 4427 eaque
1585 4334 1930 4427 aliquanto
1992 4336 2260 4430 planior
2311 4345 2501 4428 patet
2565 4337 2967 4408 emendandi

757 4439 883 4510 via.
983 4441 1165 4510 Nam
1205 4441 1320 4530 qui
1364 4440 1776 4531 meminerit,
1843 4463 2052 4535 saepe
2091 4441 2395 4513 librarios
2415 4493 2435 4525 ‚
2492 4443 2682 4534 quod
2724 4442 2965 4513 nemini
