3259 5275
701 458 830 522 174
1413 453 1532 516 DE
1586 453 2119 516 PARTICVLA
2163 449 2259 517 ἂν

700 650 842 719 παῖ
847 699 875 734 ,
936 646 1012 717 εἴ
1047 671 1159 726 τις
1194 641 1287 717 ἄν
1331 637 1483 716 cino*
1528 643 1665 717 σοῦ’
1691 638 1916 741 πόρος
1955 643 2441 741 προςγένοιτο.
2547 645 2667 715 Sic
2722 647 2917 716 etiam

700 749 889 818 vul.
919 747 989 836 3,
1023 745 1144 816 26.
1182 756 1251 816 et
1287 746 1444 815 alibi
1472 746 1881 839 saepissime.

903 918 1019 988 Ad
1044 918 1184 989 hoc
1208 942 1424 1012 genus
1466 916 1975 1003 constructionis
2014 918 2355 1011 pertinent
2386 920 2589 988 etiam
2617 921 2916 1012 particu-

697 1027 807 1094 lae
844 1020 934 1104 uic
966 1030 1033 1091 et
1078 1020 1306 1112 ὅπως,
1361 1022 1726 1115 quomodo
1770 1021 2224 1115 significantes
2242 1074 2261 1110 ,
2317 1047 2493 1115 quae
2536 1025 2918 1116 saepissime

699 1151 855 1197 cum
897 1126 1203 1218 optativo
1255 1135 1323 1194 et
1377 1125 1469 1199 ἄν
1517 1126 2030 1218 coniunguntur.
2133 1127 2314 1195 Nam
2359 1128 2560 1197 etiam
2607 1129 2751 1197 sine
2795 1128 2918 1197 illis

695 1230 1040 1324 particulis
1093 1230 1307 1298 oratio
1352 1230 1727 1321 optativum
1777 1239 1849 1297 et
1886 1227 1979 1302 ἄν
2022 1228 2337 1299 habitura
2380 1240 2579 1304 esset.
2683 1232 2918 1301 Xeno-

693 1334 909 1429 phon.
937 1330 1110 1402 Hist.
1143 1332 1265 1401 Gr.
1295 1332 1445 1406 Vll.
1478 1332 1547 1421 l,
1579 1332 1706 1407 27.
1758 1334 1908 1406 ἐκεῖ
1936 1331 2012 1405 δέ
2047 1327 2416 1424 ἐλθόντες,
2468 1334 2580 1429 τῷ
2595 1334 2733 1426 μὲν
2766 1336 2919 1431 θεῷ·

696 1434 909 1513 οὐδὲν
951 1430 1473 1525 ἐκοινώσαντο,
1527 1433 1716 1516 ὅπως
1776 1432 1869 1506 ἂν
1918 1463 1964 1532 η
2014 1430 2260 1535 εἰρήνη
2308 1438 2636 1531 γένοιτο,
2706 1434 2919 1511 αὐτοὶ

696 1541 773 1616 δὲ
815 1532 1310 1635 ἐβουλεύοντο.
1411 1538 1590 1607 Vide
1637 1538 1755 1606 111.
1802 1536 1872 1623 2,
1913 1537 1981 1606 1.
2026 1538 2151 1607 lv.
2203 1539 2274 1625 1,
2322 1540 2444 1613 40.
2495 1540 2615 1612 Vl.
2661 1539 2735 1628 4,
2791 1539 2909 1610 28.

689 1642 1048 1715 Demosth.
1080 1667 1155 1736 p.
1192 1637 1367 1729 195,
1399 1640 1523 1716 27.
1579 1638 1757 1731 345,
1795 1639 1915 1710 11.
1969 1639 2147 1729 932,
2172 1640 2291 1711 22.
2332 1645 2594 1713 Platon.
2626 1642 2917 1715 Phaedr.

688 1772 765 1843 p.
812 1745 985 1819 231.
1031 1747 1118 1817 A.
1225 1744 1695 1818 conferendus
1742 1743 1834 1812 ad
1881 1765 2040 1814 eum
2092 1744 2441 1841 dialogum
2479 1746 2914 1817 Heindorfius

687 1876 763 1945 p.
808 1849 982 1921 198.

892 2021 1171 2092 Addam
1194 2019 1301 2091 his
1331 2019 1516 2090 aliud
1549 2043 1768 2113 genus
1798 2020 2082 2113 optativi
2114 2021 2182 2091 in
2221 2023 2546 2092 sententia
2576 2022 2913 2092 conditio—

687 2127 823 2197 nali
860 2150 1014 2196 cum
1043 2126 1377 2217 particula
1410 2123 1501 2199 ἂν
1536 2125 1934 2214 consociati,
1990 2124 2176 2194 cuius
2219 2126 2388 2194 ratio
2431 2149 2641 2216 quum
2674 2127 2913 2195 lateret

687 2231 866 2300 viros
923 2230 1197 2317 doctos,
1281 2227 1656 2297 tollendum
1709 2228 2090 2297 iudicarunt
2142 2226 2234 2301 ἄν
2245 2284 2276 2319 ,
2344 2239 2421 2297 ut
2469 2228 2910 2299 Thierschius

687 2333 879 2427 apud
919 2333 1289 2403 Pindarum
1332 2334 1531 2400 Nem.
1581 2330 1730 2399 Vll.
1780 2329 1955 2402 131.
2008 2334 2078 2404 εἰ
2117 2327 2196 2404 δ’
2237 2325 2429 2405 αὑτό
2468 2332 2590 2405 καὶ
2617 2327 2792 2414 θεός
2821 2334 2911 2406 ἂν

688 2438 866 2528 ἔχοι.
968 2437 1207 2505 Potest
1255 2436 1351 2504 ita
1396 2433 1615 2527 accipi
1662 2434 1864 2502 etiam
1899 2435 2067 2503 illud
2102 2435 2571 2529 Xenophontis
2618 2438 2687 2506 in
2726 2437 2910 2505 initio

687 2540 1023 2633 Agesilai,
1087 2539 1205 2607 ubi
1262 2538 1670 2608 Schaeferus
1718 2538 2207 2607 removendum
2259 2541 2577 2608 censebat
2624 2538 2749 2614 ἆνε
2823 2534 2909 2612 οὖ

685 2639 828 2765 γοῖρ
861 2642 954 2716 ἄν
996 2642 1223 2724 καλῶς
1253 2644 1410 2733 ἔχοι
1432 2689 1459 2722 ‚
1514 2645 1586 2716 εἰ
1612 2639 1735 2715 ὅτι
1763 2645 2016 2724 τελέως
2059 2637 2242 2741 α’νῆρ
2277 2638 2561 2737 οἷγαθός
2598 2646 2907 2738 ἐγένετο,

686 2750 813 2820 δια
844 2746 1073 2820 τοῦτο
1122 2742 1291 2820 οὐδὲ
1334 2738 1652 2839 μειόνων
1692 2743 1784 2818 ἄν
1827 2738 2178 2839 τυγχάνοι
2208 2747 2542 2820 ἐπαίνων.
2650 2749 2910 2833 Quam·

683 2873 890 2941 quam
936 2849 1102 2918 nihil
1150 2850 1439 2943 impedit
1479 2848 1645 2939 quin
1686 2848 1802 2916 hic
1843 2849 2034 2917 locus
2078 2849 2275 2920 etiam
2325 2850 2419 2918 sic
2466 2850 2907 2944 intelligaturt

680 2954 960 3024 malum
990 2964 1216 3040 esset,
1266 2953 1334 3024 εἰ
1350 3003 1371 3040 ,
1426 2953 1625 3045 quod
1648 2951 2243 3047 perfectissimae
2264 2954 2559 3024 virtutis
2584 2954 2702 3023 vir
2721 2954 2907 3050 suit,

681 3081 774 3128 ne
801 3058 1200 3129 tenuiorem
1232 3058 1525 3151 quidem
1541 3066 1805 3151 posset
1837 3057 2348 3128 laudationem
2376 3058 2728 3129 nancisci.

886 3230 1294 3301 Tenendum
1338 3238 1441 3299 est
1479 3239 1706 3298 autem
1724 3278 1746 3315 ,
1800 3230 1989 3319 quod
2019 3230 2110 3300 ad
2150 3231 2661 3300 collocationem
2689 3233 2905 3325 parti-

680 3335 875 3404 culae
904 3334 996 3407 ἂν
1025 3336 1095 3404 in
1121 3335 1308 3404 hisce
1337 3333 1672 3403 sententiis
1704 3334 2257 3404 conditionalibus
2282 3336 2548 3424 attinet,
2601 3336 2768 3405 nihil
2797 3338 2906 3405 in-

677 3447 967 3523 teresse,
1018 3449 1244 3508 utrum
1289 3439 1511 3507 statim
1557 3447 1719 3530 post
1768 3439 2169 3529 particulam
2215 3440 2766 3528 conditionalem,
2818 3462 2907 3508 an

676 3543 1086 3634 interpositis
1134 3543 1390 3633 aliquot
1424 3542 1741 3631 vocibus»,
1802 3565 1890 3609 an
1933 3541 2207 3611 demum
2242 3553 2403 3635 post
2442 3545 2727 3612 verbnm
2765 3567 2903 3636 po-

678 3657 895 3714 natur.
997 3645 1493 3716 Demosthenes
1551 3667 1624 3736 p.
1678 3641 1851 3732 115,
1894 3644 1964 3713 9.
2017 3645 2124 3727 οἶς
2175 3644 2268 3720 ἄν
2319 3639 2456 3740 ἐγώ
2508 3647 2899 3743 ληφθείην,

677 3747 918 3822 ταῦτα
948 3743 1310 3845 πράττων.
1375 3746 1540 3835 167,
1582 3747 1702 3816 17.
1757 3746 1947 3830 ὅπως
1992 3746 2084 3822 ἄν
2125 3776 2237 3829 τις
2281 3745 2668 3839 ὀνομάσαι.
2732 3747 2900 3836 168,

681 3850 801 3919 24.
830 3848 921 3932 uic
953 3850 1046 3924 ἄν
1076 3851 1626 3948 συνταχθείητε.
1679 3852 2071 3946 Xenophon
2096 3853 2365 3924 Hellen.
2399 3853 2515 3922 vl.
2554 3853 2624 3938 l,
2670 3853 2739 3922 9.
2780 3850 2898 3926 οἶ-

674 3981 820 4047 μαι
855 3952 976 4045 ἄν,
1029 3951 1271 4027 αὐτῶν
1294 3958 1359 4028 εἰ
1388 3954 1615 4035 καλῶς
1639 3981 1752 4035 τις
1771 3959 2216 4049 ἐπιμελοῖτο,
2273 3952 2401 4029 οὐκ
2436 3952 2624 4029 εἶναι
2655 3958 2895 4044 ἔθνος,

678 4054 907 4152 ὁποίῳ
941 4057 1032 4132 ἄν
1078 4052 1480 4140 α’ξιῶσαιεν.
1533 4059 2031 4127 Demosthenes
2065 4081 2137 4151 p.
2183 4057 2358 4146 286,
2391 4059 2512 4128 28.
2566 4059 2618 4132 di
2647 4058 2738 4131 ἄν
2776 4056 2895 4132 εὔ-

674 4168 881 4244 ξαιτο
899 4214 926 4248 ,
979 4155 1403 4256 ποιήσομεν.
1456 4159 1634 4247 473,
1665 4159 1786 4229 26.
1843 4157 2093 4259 ἐπειδή
2124 4159 2195 4234 δ’
2221 4157 2633 4261 ἐπράξαμεν
2658 4156 2895 4236 πάνθ’

675 4258 799 4338 ὅσ’
825 4262 918 4335 ἄν
962 4260 1386 4353 εὐξαίμεθα.
1443 4261 1672 4350 1112,
1710 4264 1778 4331 2.
1831 4265 1927 4339 ἑὼ·
1967 4262 2219 4339 -,ὅσ’
2250 4265 2341 4338 ἄν
2373 4267 2619 4359 ἔχοιμι
2651 4268 2892 4340 εἰπεῖν.

672 4364 850 4455 815,
886 4367 957 4437 7.
1010 4364 1101 4449 οἷς
1129 4366 1223 4440 ἄν
1251 4361 1767 4460 συντομώτατ’
1810 4372 2004 4442 εἴποι
2040 4396 2169 4450 τις.
2221 4369 2446 4460 1401,
2489 4368 2610 4438 18.
2666 4364 2752 4442 ὅν
2785 4394 2893 4448 τις

671 4468 765 4542 ἄν
806 4464 1239 4546 κατάθοιτο.
1343 4470 1489 4542 Sed
1537 4472 1724 4543 idem
1761 4496 1833 4567 p.
1887 4471 2009 4563 73,
2052 4469 2124 4540 5.
2169 4469 2357 4570 ἅπερ
2398 4469 2733 4557 εὔξαισθ’
2784 4469 2889 4545 ἄν.
