3259 5275
1041 470 1214 532 LIB.
1256 470 1367 539 111.
1455 469 1655 536 cAP.
1702 475 1765 540 2.
2382 478 2507 542 141

290 661 648 757 Κροῖσον,
703 661 908 743 εἴπας
934 656 1171 736 πολλοί
1198 690 1282 737 τε
1309 661 1428 736 καὶ
1461 661 1718 757 ὄλβια,
1736 657 2105 787 ἐπηρώτα
2136 659 2302 737 τίνα
2339 659 2505 739 δεύ-

281 789 493 858 τερον
540 759 715 856 μετ’
762 768 1034 837 ἐκεῖνον
1077 767 1260 845 ἴδοι,
1332 769 1595 841 δοκέων
1646 759 1887 861 πάγχυ
1934 770 2311 863 δευτερεῖα
2359 797 2505 861 νων

280 868 639 940 οἴσεσθαι.
696 867 1040 961 Aristoph.
1069 869 1197 937 Av.
1230 867 1405 943 127.
1437 894 1521 940 ss.

374 1039 552 1108 ΕΠ.
604 1035 825 1111 ποίαν
855 1034 1006 1111 τίν’
1038 1033 1171 1112 οὖν
1201 1037 1443 1130 ἥδιστ’
1475 1068 1567 1114 αν
1598 1037 1869 1114 οἰκοῖτ’
1899 1039 1992 1113 ἂν
2025 1034 2280 1123 πόλιν,
2267 1067 2284 1086 ·

375 1142 452 1212 E
461 1143 536 1212 Y
605 1138 792 1214 ὅπου
822 1169 919 1213 τα
903 1136 1259 1233 με’γιστα
1288 1136 1673 1269 πράγματ’
1704 1146 1810 1242 εἴη
1839 1143 2116 1217 τοιαδί·

586 1242 701 1318 ἐπὶ
727 1270 861 1339 την
892 1239 1136 1343 θύραν
1159 1273 1312 1339 μου
1355 1241 1519 1345 πρῴ
1550 1274 1663 1329 τις
1684 1240 1921 1322 ἐλθων
1952 1246 2101 1320 τοῖν
2130 1244 2360 1342 φίλων

584 1346 777 1440 λέγοι
807 1348 996 1422 ταδί.

477 1499 741 1583 Quarta
776 1498 1066 1592 denique
1102 1500 1324 1570 forma
1354 1511 1490 1591 est,
1541 1524 1679 1592 qua
1711 1503 1989 1593 quidam
2015 1511 2261 1595 putant
2295 1526 2501 1594 repe-

273 1602 764 1780 ῗῗίοιιεέἰὲιιειί
792 1627 921 1696 per
953 1605 1329 1699 optativum
1370 1606 1746 1700 designari:
1798 1616 1874 1675 ut
1898 1607 2087 1700 apud
2116 1607 2499 1676 Homerum

376 1736 441 1801 7·

477 1854 642 1933 ἀλλ
676 1856 802 1934 ὅτε
833 1852 924 1957 δη
948 1853 1352 1958 πολύμητις
1383 1857 1743 1947 ἀναΐξειεν
1776 1854 2161 1944 Οδυσσεύς
2185 1912 2210 1954 ,
2266 1898 2273 1909 ·

476 1953 822 2053 στάσκεν,
877 1959 1055 2037 ὑπαὶ
1091 1964 1168 2038 δὲ
1199 1966 1493 2040 ἴδεσκεν.

271 2129 337 2185 et
372 2113 547 2185 232.

469 2263 779 2345 πολλακι
807 2297 943 2365 μιν
969 2269 1314 2356 ξείνισσεν
1343 2267 1729 2396 ἀρηΐφιλος
1772 2271 2197 2360 Μενέλαος,

474 2375 647 2471 οἴκῳ
675 2379 752 2448 ἐν
789 2372 1113 2475 ημετέρφ
1131 2430 1162 2467 ,
1218 2368 1445 2450 ὁπότε
1471 2370 1942 2475 Κρήτηθεν“’
1903 2399 2162 2448 ικοιτο.

264 2545 412 2616 Sed
444 2545 626 2613 illam
664 2546 1052 2637 opinionem
1094 2547 1334 2615 falsam
1374 2570 1559 2638 esse,
1609 2547 1745 2614 iam
1794 2546 1884 2614 ad
1924 2544 2158 2640 Viget.
2192 2569 2267 2640 p.
2312 2543 2489 2616 909.

263 2652 516 2723 monui.
582 2651 744 2718 Non
773 2650 949 2719 enim
969 2652 1097 2719 alia
1126 2653 1194 2720 in
1225 2652 1360 2720 hoo
1390 2674 1645 2745 genere
1672 2651 1771 2719 vis
1803 2660 1904 2720 est
1930 2650 2232 2742 optativi,
2284 2675 2493 2741 quam

265 2763 369 2841 ut,
443 2775 651 2844 quum
700 2753 1095 2824 indicativus
1136 2756 1226 2824 ad
1280 2766 1541 2824 eertum
1585 2754 1841 2823 factum
1885 2763 2148 2846 spectet
2165 2802 2186 2840 ‚
2248 2754 2321 2822 id
2359 2778 2493 2847 per

264 2856 641 2949 optativum
674 2857 998 2926 reddatur
1026 2858 1388 2947 incertum,
1439 2858 1547 2938 ita,
1566 2868 1644 2928 ut
1675 2858 2157 2948 quodcumque
2194 2857 2283 2925 de
2322 2859 2489 2951 plu-

265 2962 445 3029 ribus
472 2960 666 3028 factis
701 2962 1003 3054 cogitare
1031 2963 1194 3031 velis
1225 2962 1495 3035 indicet.
1602 2964 1784 3029 Nam
1813 2962 2129 3052 repetitio
2161 2984 2299 3030 non
2325 2970 2489 3053 pot-

266 3075 360 3132 est
403 3065 548 3133 ullo
584 3064 795 3133 modo
832 3089 963 3157 per
996 3066 1369 3157 optativum
1403 3066 1800 3159 significari,
1852 3064 1975 3133 sed
2024 3065 2198 3132 inest
2224 3066 2293 3132 in
2326 3087 2487 3133 ver-

263 3166 361 3236 bis
384 3215 406 3251 ,
470 3168 719 3258 quibus
762 3168 874 3237 ille
934 3168 1282 3240 adiunctus
1338 3178 1456 3238 est.
1559 3168 1760 3238 Vnde
1811 3168 1958 3236 fere
1999 3169 2111 3236 vel
2155 3163 2307 3255 εἰεί,
2374 3168 2487 3237 vel

263 3264 604 3351 πολλάκις
632 3270 972 3358 adiicitur,
1017 3275 1129 3342 vel
1169 3275 1454 3343 verbum
1482 3272 1877 3365 primarium
1916 3280 2150 3339 natura
2180 3289 2298 3338 sua
2340 3271 2488 3339 fre-

263 3375 722 3463 quentativum
756 3385 877 3459 est,
927 3386 1002 3445 ut
1030 3371 1358 3460 στάσκεν,
1412 3379 1686 3449 ἴδεσκεν
1716 3377 1784 3443 in
1811 3375 2021 3443 altero
2048 3375 2313 3443 illorum
2329 3374 2486 3443 Ho-
2554 3421 2571 3440 .

261 3479 425 3547 meri
440 3479 774 3565 locorum,
823 3479 1555 3570 innumerabilibusque
1586 3479 1774 3572 apud
1794 3477 2221 3547 Herodotum
2252 3500 2487 3546 exem-

260 3582 422 3671 plis,
474 3581 590 3649 vel
619 3581 909 3672 denique
937 3585 1136 3652 etiam
1166 3584 1641 3676 imperfectum
1666 3591 1940 3673 tempus
1967 3582 2158 3649 verbi
2183 3582 2484 3673 primarii

257 3685 730 3777 repetitionem
771 3686 932 3754 facti
960 3688 1278 3757 continet:
1376 3687 1514 3755 Pro
1541 3709 1623 3755 eo
1666 3708 1983 3779 praesens
2011 3684 2222 3753 habet
2254 3685 2487 3753 Hero-

261 3786 459 3857 dotus
492 3787 545 3855 1.
581 3786 701 3857 29.
757 3785 1226 3863 ἀπικνέονται
1258 3794 1325 3867 ἐς
1362 3783 1640 3879 Σάρδις
1683 3785 2141 3881 ακμαζούσας
2188 3781 2481 3879 πλούτῳ

262 3887 472 3964 ἄλλοι
504 3918 589 3963 τε
621 3897 695 3964 οἱ
719 3919 984 3973 παντες
1016 3896 1090 3966 ἐκ
1132 3893 1267 4016 τῆς
1294 3890 1645 3972 Ἑλλάδος
1680 3889 2055 3986 σοφισταί,
2109 3896 2191 3963 οἳ
2209 3890 2481 3963 τοῦτον

260 4019 394 4064 τον
434 3986 705 4089 χρόνον
748 3988 1146 4088 ἐτύγχανον
1187 3989 1468 4083 ἐόντες,
1523 4022 1613 4076 ως
1662 4000 1958 4074 ἕκαστος
2002 3988 2247 4067 αὐτων
2296 3988 2481 4065 α’πι-

260 4096 576 4185 κνέοιτο,
628 4096 751 4169 καὶ
779 4092 870 4194 δή
895 4098 1018 4171 καὶ
1043 4092 1323 4173 Σόλων.
1387 4098 1571 4185 Quin
1600 4121 1688 4166 ne
1717 4099 1987 4166 omnino
2016 4096 2291 4188 quidem
2333 4118 2480 4165 rem

260 4199 531 4291 saepius
576 4199 827 4269 factam
852 4201 1097 4293 respici
1131 4224 1405 4271 necesse
1439 4210 1575 4286 est,
1628 4200 1751 4270 sed
1781 4201 1937 4270 satis
1972 4210 2076 4270 est
2111 4201 2366 4269 factum
2406 4208 2482 4269 ut

261 4304 630 4395 cogitatum
664 4305 1195 4374 commemorari.
1301 4305 1416 4376 Sic
1444 4305 1637 4374 Iliad.
1666 4326 1744 4401 ψ.
1785 4303 1962 4377 494.

461 4473 588 4547 nal
618 4470 695 4550 δ’
721 4473 910 4573 ἄλλῳ
941 4478 1395 4573 νεμεσᾶτον,
1447 4474 1603 4559 ὅτις
1634 4468 1956 4550 τοιαῦτά
1980 4501 2061 4568 γε
2093 4472 2305 4572 ρ’έζοι.
