3259 5275
865 464 1522 532 PROBLEMATE
1563 467 1948 533 BOVlNO.
2384 474 2515 537 287

301 662 512 733 oratio
540 667 737 733 esset.
840 659 990 728 Nec
1023 680 1197 750 quae
1218 659 1314 727 illi
1352 660 1588 729 similia
1606 710 1627 748 ,
1683 672 1758 729 ut
1788 660 1919 753 ipsi
1946 668 2222 752 putant,
2276 684 2511 731 exem-

302 767 419 858 pla
450 765 733 833 attulere
747 813 769 851 ‚
819 762 1017 832 huius
1062 763 1330 855 generis
1379 773 1550 832 sunt.
1656 764 1897 833 Paullo
1936 764 2156 856 aptius
2203 788 2507 836 comme-

300 890 565 937 morare
592 876 956 959 potuerant
982 865 1150 935 illud
1175 866 1460 935 Homeri
1486 867 1678 941 lliad.
1707 895 1785 960 μ.
1819 865 1939 938 14.

399 1019 658 1096 πολλοὶ
686 1015 761 1094 δ’
789 1015 1140 1118 Ἀργείων
1175 1023 1258 1091 οἳ
1278 1017 1416 1112 μὲν
1445 1013 1676 1114 δάμεν
1693 1072 1715 1113 ,
1771 1025 1852 1096 οἳ
1877 1016 1950 1095 δ’
1983 1020 2340 1096 ἐλίποντο.

298 1197 440 1266 quo
478 1176 551 1243 in
580 1174 735 1243 loco
770 1194 910 1243 non
948 1196 1108 1243 sane
1152 1174 1527 1244 necessaria
1567 1183 1721 1242 sunt
1757 1174 1872 1243 illa
1918 1181 2001 1248 οἲ
2028 1172 2103 1250 δ’
2143 1173 2502 1255 ἐλίποντο,

298 1279 423 1348 sed
464 1287 694 1347 tamen
721 1300 810 1346 ne
836 1277 1130 1346 absurde
1162 1277 1436 1368 quidem
1471 1276 1720 1346 addita.
1813 1278 1894 1347 ln
1922 1279 2344 1348 Archimedis
2380 1302 2505 1348 au-

298 1392 438 1452 tem
482 1381 784 1451 versibus
841 1382 1169 1474 pervertit
1224 1381 1406 1450 istud
1452 1380 1979 1451 additamentum
2040 1383 2223 1451 illam
2286 1383 2508 1475 ipsam

297 1485 719 1572 sententiam,
771 1507 976 1574 quam
1010 1484 1484 1577 interpretibus
1509 1485 1686 1554 visus
1716 1494 1815 1555 est
1834 1487 2190 1556 enunciare
2216 1486 2507 1578 scriptor

298 1589 607 1658 voluisse.
714 1588 926 1673 Quod
963 1588 1054 1673 si,
1119 1597 1195 1656 ut
1239 1610 1370 1680 par
1417 1596 1552 1673 est,
1604 1611 1739 1658 non
1781 1598 2037 1658 temere
2091 1599 2159 1658 et
2195 1590 2508 1658 inutiliter

299 1692 567 1761 adiecta
604 1700 757 1760 sunt
788 1692 1001 1759 verba
1032 1690 1145 1759 illa
1161 1739 1182 1778 ‚
1227 1692 1357 1759 alia
1381 1713 1647 1760 rursum
1684 1691 1971 1761 offensio
2000 1701 2105 1762 est
2139 1693 2207 1761 in
2249 1692 2505 1785 duplici

297 1797 683 1888 negatione.
790 1795 959 1880 Quis
1017 1795 1194 1862 enim
1255 1795 1350 1863 sic
1400 1795 1629 1887 potius
1696 1795 1909 1884 dicat,
1974 1818 2319 1867 numerus
2369 1797 2508 1866 iste

301 1900 708 1992 triquetras
741 1907 889 1986 est,
932 1919 1167 1991 neque
1196 1897 1707 1969 adnumeratis
1739 1921 1969 1992 neque
2006 1900 2290 1970 relictis
2332 1921 2505 1969 cae-

301 2003 485 2073 terIs
522 2001 800 2091 tauris,
854 2024 1059 2092 quam
1099 2010 1173 2072 et
1223 2002 1736 2072 adnumeratis
1790 2012 1862 2073 et
1906 2000 2242 2074 relictis?
2306 2004 2506 2090 Quae

300 2129 513 2197 quum
544 2107 638 2174 ita
669 2106 829 2193 sint,
881 2127 1019 2174 non
1049 2103 1349 2174 dubitavi
1387 2106 1683 2174 scribere
1728 2107 1876 2180 εἴτε
1908 2101 2321 2203 προὲόντων
2363 2102 2502 2180 ἀλ-

296 2202 627 2304 λοχρόων
656 2201 966 2302 ταύρων,
1020 2203 1161 2281 εἴτ’
1199 2210 1784 2301 ἐπιλειπομένων.
1887 2208 1995 2278 Ειι
2031 2231 2193 2277 vero
2232 2232 2313 2278 re
2351 2232 2485 2302 pa-
2509 2221 2600 2289 11

297 2321 398 2383 tet
435 2313 638 2381 totius
674 2311 1110 2404 problematis
1138 2312 1337 2379 aliam
1383 2333 1530 2379 esse
1558 2312 1921 2397 rationem,
1973 2334 2175 2402 quam
2214 2314 2356 2382 visa
2401 2322 2506 2382 est

298 2416 800 2507 interpretibus,
870 2415 1141 2504 .1taque
1183 2424 1256 2483 ut
1307 2415 1541 2507 paucis
1589 2416 2042 2509 complectar,
2106 2415 2244 2484 hoc
2294 2416 2507 2485 voluit

296 2519 783 2588 Archimedes:
835 2519 1224 2587 coniunctos
1255 2540 1505 2611 greges
1533 2518 1844 2587 alborum
1878 2525 1949 2587 et
1977 2520 2324 2611 nigrorum
2352 2528 2507 2588 tau-

299 2646 533 2693 rorum
577 2621 913 2715 praebere
958 2645 1310 2691 numerum
1351 2620 1753 2713 quadratum
1775 2673 1795 2708 ‚
1857 2621 2041 2692 cuius
2090 2622 2356 2716 singula
2402 2623 2508 2691 la-

297 2738 447 2796 tera
492 2749 577 2796 ex
617 2726 939 2794 laterculo
974 2725 1155 2793 facta
1186 2726 1348 2807 sint3
1397 2725 1756 2795 badiorum
1795 2735 2020 2795 autem
2063 2735 2133 2795 et
2170 2728 2507 2797 variorum
2605 2726 2618 2733 ’

299 2839 650 2900 taurorum
685 2829 1069 2917 coniunctos
1105 2852 1358 2922 greges
1400 2828 1676 2898 efficere
1702 2852 2059 2899 numerum
2092 2830 2509 2921 triqaetrum,

303 2934 443 3003 sive
474 2933 801 3002 accedant
833 2932 921 3001 ad
950 2954 1066 2999 eos
1095 2932 1229 3001 albi
1265 2942 1333 3000 et
1362 2932 1540 3024 nigri
1574 2933 1767 3016 tauri,
1820 2934 1960 3003 sive
1991 2956 2127 3004 non
2159 2934 2506 3003 accedant.

303 3039 533 3127 Atque
569 3046 645 3103 ut
684 3035 857 3104 haec
905 3035 1079 3104 notis
1124 3036 1283 3122 illis,
1337 3036 1581 3126 quibus
1631 3058 1837 3129 supra
1877 3058 2032 3104 usus
2080 3059 2268 3120 sum,
2319 3037 2509 3105 brevi

307 3148 672 3232 conspectu
704 3137 1302 3231 comprehendam,
1340 3139 1676 3231 posterior
1700 3162 1858 3232 pars
1871 3138 2307 3233 problematis
2334 3138 2511 3210 hanc

307 3244 636 3313 rationem
660 3234 904 3311 habet:
1783 3238 1788 3243 ’

407 3397 510 3470 Λ.
563 3422 630 3468 τ.
681 3403 756 3477 -Ι-
808 3395 918 3469 M.
969 3421 1039 3468 τ.
1090 3419 1198 3465 ..--.·
1247 3387 1396 3482 (a2.
1454 3388 1826 3484 (ιι--1>))2
1873 3417 1982 3463 ..--.·
2032 3389 2316 3467 382811.

408 3570 642 3638 Σπτ.
698 3574 774 3647 -f-
824 3564 912 3641 Ξ.
962 3592 1030 3639 τ.
1083 3590 1191 3645 =
1241 3539 1288 3578 ‘²‘
1321 3518 1531 3680 (⁰24¹)-
1583 3588 1691 3632 =
1743 3559 2023 3630 24711.

410 3738 550 3808 Στ.
578 3735 929 3816 ταῦ-ΞΛ.
962 3743 1037 3817 -Ι-
1066 3735 1555 3817 Asel—Mt.
1583 3758 1693 3805 ε’·-
1734 3686 2041 3762 d.(‹1÷1)
2083 3759 2192 3805 ··..::
2238 3731 2443 3805 6299
2471 3758 2534 3804 x·

1868 3797 1906 3850 2

308 3956 503 4050 Ergo
537 3914 591 3969 d.
626 3910 845 3986 (ιι-μ)
885 3993 991 4006 —
1033 3931 1079 3967 ο.
1117 3911 1323 3986 (041)

312 4093 521 4164 modo
540 4020 1031 4187 conizputaverit
1047 4019 1514 4182 Arczhimedes,
1547 4093 2031 4163 mathematicis
2055 4095 2514 4185 quaerendum

310 4199 765 4289 relinquimus.
869 4196 1174 4267 Viderint
1197 4200 1324 4285 illi,
1377 4220 1620 4267 casune
1652 4198 1905 4266 factum
1934 4198 2053 4281 sit,
2104 4220 2189 4265 an
2214 4199 2513 4281 consilio,

313 4310 417 4389 ut,
468 4302 586 4392 qui
614 4322 928 4371 numerus
961 4321 1092 4394 pro
1125 4301 1433 4394 quadrati
1457 4302 1794 4371 elemento
1826 4302 2084 4393 positus
2112 4310 2234 4387 est,
2288 4299 2514 4387 3828,

315 4437 670 4531 niquetrus
695 4438 781 4508 sit
817 4396 1051 4555 ⁸⁷·2⁸⁸·.
1156 4439 1454 4511 credam
1493 4461 1630 4535 ego
1672 4438 1948 4531 quidem
1963 4484 1986 4521 ‚
2035 4437 2519 4508 Arcmmedem

1365 3981 1472 4028 τ..-
1503 3952 1641 4048 (222.
1677 3956 1948 4045 (ει-1))
1964 3951 2064 4047 )2.
2116 3957 2310 4026 Haec
2338 3980 2515 4048 quo-
