3259 5275
522 533 622 595 nr
649 532 1312 596 mscmp'nomsvs
1346 487 1798 609 Qwsvsom
1830 535 2173 599 cassem.
2318 541 2450 605 ηε

237 726 541 813 haereat,
592 723 782 817 quod
827 723 1163 793 credibile·
1180 725 1298 809 sit,
1350 724 1538 816 quod
1572 748 1708 794 uon
1753 727 1976 820 ipsum
2018 751 2145 820 per
2175 752 2248 798 se
2285 752 2443 798 cor·
2576 696 2586 706 .

237 838 400 899 ruat.
502 830 605 899 lta
649 829 706 898 si
737 827 853 896 hic
895 837 1184 921 propter
1222 827 1347 897 has
1395 829 1687 920 syllabas
1703 879 1726 918 ,
1791 856 1935 925 πορ
1973 869 2061 883 -
2098 834 2175 905 δε
2192 882 2213 920 ,
2282 832 2444 901 dum

238 933 510 1025 quidem
525 985 546 1024 ,
597 930 786 1023 quod
827 931 1026 1001 facile
1062 931 1247 1000 credi
1279 941 1541 1026 potest,
1589 932 1837 1004 rectius
1888 957 2094 1025 quam
2145 958 2187 1004 a
2222 934 2444 1008 Four-

234 1037 486 1106 montio
554 1037 772 1105 lectae
848 1036 1013 1125 sint,
1091 1036 1278 1104 fluvii
1346 1028 1579 1132 πόρον
1594 1089 1617 1128 ,
1693 1037 1895 1131 Argis
1959 1060 2129 1131 ergo
2192 1038 2445 1127 Inachi,

237 1140 365 1208 dici
416 1140 773 1210 sumimus:
840 1139 915 1212 δὲ
973 1137 1296 1207 indicium
1359 1146 1463 1208 est
1523 1139 1837 1233 inceptae
1904 1164 2121 1210 novae
2172 1151 2431 1234 senten-

234 1245 378 1313 tiae.
495 1243 678 1313 Hinc
742 1242 1096 1310 coniuncta
1145 1243 1492 1332 utriusque
1544 1244 1840 1336 exempii
1892 1267 2030 1337 ope
2081 1243 2259 1315 hanc
2309 1269 2445 1316 non

234 1368 505 1440 prorsus
562 1344 1127 1415 contemnendum
1178 1346 1404 1417 licebit
1456 1346 1909 1416 coniecturam
1961 1347 2222 1418 facere:

1395 1492 1569 1596 [τῆν
1610 1494 1960 1596 στυγερήν

328 1603 482 1699 γ]ἦς
552 1600 834 1700 ὄρφνην
898 1596 975 1673 o'
1029 1592 1370 1675 ἐλθόντα.
1460 1595 1695 1722 πόρογ
1736 1602 1838 1722 ἱδὲ
1890 1603 2211 1691 κέκευθ[ο
2260 1600 2442 1703 παρ’

539 1802 818 1901 τύμβος
867 1811 982 1894 ἐν]
1033 1802 1384 1901 Ἀργείων
1435 1731 2022 1904 θυρῗέΐοέφέντα
2058 1803 2304 1884 πόλει..

1170 2255 1185 2266 ,,
1286 2183 1407 2258 IV.

429 2354 585 2423 Alia
626 2352 984 2424 Teuchiris
1038 2364 1312 2448 reperta
1361 2354 1739 2447 inscriptio,
1806 2377 2012 2445 quam
2054 2353 2330 2423 Paccho
2370 2354 2441 2423 in

236 2456 584 2525 Relatione
651 2456 741 2527 de
804 2457 1050 2527 Itinere
1112 2479 1241 2551 per
1294 2458 1775 2527 Marmaricam
1825 2457 1962 2526 tab.
2015 2455 2138 2526 86.
2204 2456 2439 2548 edidit,

187 2638 195 2649 ,
234 2559 625 2629 Welckerus
671 2560 1294 2655 transpositionibus
1338 2563 1710 2631 litterarum
1747 2561 2024 2653 aliisque
2067 2560 2440 2654 scripturae

236 2663 390 2732 vitiis
432 2663 621 2733 haud
672 2689 915 2758 parum
947 2667 1285 2736 turbatam
1319 2689 1470 2737 esse
1501 2669 1613 2739 ait.
1721 2666 1989 2751 Quibus
2027 2656 2277 2735 caussis
2310 2664 2439 2733 ad-

235 2766 461 2837 ductus
498 2769 596 2837 ita
623 2778 904 2857 statuat,
948 2793 1084 2839 non
1123 2769 1317 2839 dicit:
1383 2769 1576 2839 addit
1604 2791 1769 2839 vero
1785 2818 1807 2854 ‚
1859 2792 1994 2838 non
2032 2791 2240 2863 posse
2270 2770 2437 2837 scri-

235 2880 493 2962 pturam
553 2884 786 2942 exacte
837 2873 1365 2966 repraesentari,
1419 2874 1610 2965 quod
1652 2896 1786 2966 pro
1831 2872 2131 2942 rotundis
2187 2900 2222 2944 ε
2269 2881 2337 2940 et
2383 2899 2438 2943 ω

234 2974 323 3042 uti
367 2985 653 3068 cogatur
693 2977 1084 3070 vulgaribus
1132 2977 1336 3070 signis
1379 2981 1454 3050 E
1495 2986 1566 3047 et
1607 2977 1717 3050 [Ζ.
1817 2976 1911 3045 At
1956 3004 2010 3046 ω
2051 2973 2327 3066 quidem
2370 2975 2437 3042 in

234 3076 339 3144 iun
373 3077 839 3172 inscriptione,
894 3081 1167 3172 qualem
1204 3102 1357 3149 eam
1395 3080 1746 3174 praebuit,
1789 3079 2046 3148 nullum
2086 3078 2434 3147 invenitur.

237 3179 344 3249 Sic
372 3191 598 3251 autem
633 3185 954 3278 scriptam
979 3183 1315 3253 exhibuit:

316 3351 749 3417 ΘΕΥΠΕΘΡ
856 3351 995 3418 ΕΝ
991 3351 1400 3418 ΘΑΔΕΙΚΕ
1557 3343 2441 3415 θΘΝΕΝΤΟῙΟΑΡΙΟΙΟΟ

397 3452 525 3516 ΟΚ
861 3453 1398 3520 ΕΤΗΟΤΙΑΕΤ
1500 3453 1557 3517 Ο
1646 3452 1724 3517 Ν
1808 3451 1870 3514 Τ
1943 3446 2350 3514 ΑΟΟοΦΟΟ

236 3588 357 3657 Vbi
383 3591 653 3763 ἑιῖῐειιίἰῐ,
707 3592 983 3665 doctum
1030 3592 1397 3687 quemdam
1426 3591 1705 3662 Gallum
1750 3611 1835 3662 ex
1870 3589 1975 3657 his
2022 3588 2251 3656 litteris
2296 3585 2433 3655 hoc

237 3702 383 3761 extu
430 3693 449 3712 ⁹
523 3717 595 3764 e:

276 3928 281 3933 ,
331 3839 782 3944 Θευπρόπιος
819 3841 1089 3923 ἐνθάδε
1115 3854 1401 3942 κεῖμαι,
1454 3846 1533 3928 ὃς
1569 3848 1648 3920 ἐν
1681 3847 2062 3943 θνητοῖσιν
2103 3841 2430 3938 ἄριστος,

556 3945 1190 4047 ὁκτωκαιδεκέτης,
1252 3950 1458 4049 ζῆσεν
1497 3947 1793 4023 ἅπαντα
1837 3941 2094 4041 σοφός’

232 4114 368 4184 iure
396 4117 732 4211 vituperat
763 4114 1224 4242 Θευπρόπιος
1251 4141 1386 4213 pro
1419 4117 1771 4212 trisyllabo
1804 4116 2137 4209 posituim
2187 4138 2429 4209 repre-

233 4214 456 4289 hendit
482 4218 773 4296 ἅπαντα
814 4250 1040 4320 σοφος
1076 4225 1275 4292 etiam
1301 4232 1596 4316 propter
1620 4218 1945 4311 loquendi
1987 4240 2215 4302 usum,
2271 4219 2428 4309 quia

235 4343 394 4410 nou,
445 4334 521 4392 ut
549 4325 742 4413 alibi,
795 4321 1039 4400 πάντα
1088 4321 1313 4423 σοφός
1355 4326 1610 4396 dictum
1647 4324 1767 4406 sit;
1826 4345 1960 4392 non
2009 4320 2268 4390 dubitat
2298 4321 2425 4389 de-

235 4424 423 4592 ffqlle
461 4429 621 4516 quin
665 4424 949 4504 παστόν
992 4429 1421 4500 scribendum
1475 4431 1556 4499 sit
1571 4481 1590 4517 ,
1663 4427 1963 4521 legitque
2004 4425 2425 4518 epigramma

281 4548 361 4595 oc
393 4530 633 4600 modo:
