3259 5275
952 511 2531 592 nlssERTAT10.25u

518 692 763 796 μήτηρ
794 699 960 790 ἐμοὶ
994 701 1284 823 &aiil-29⁸⁶
1297 703 1594 785 Τιτανὶς
1630 705 1846 776 θεων.

519 800 704 883 ὅπως
732 802 808 875 δὲ
836 802 1039 901 χῶπη
1054 859 1083 894 ,
1137 803 1380 878 ταῦτα
1413 809 1529 879 δεῖ
1541 809 1838 904 μακροῦ
1867 803 2090 904 λόγου

516 910 760 980 εἰπεῖν.

325 1061 408 1128 Et
433 1061 669 1129 iterum
703 1084 766 1134 v.
809 1058 982 1131 912.

508 1213 814 1288 τοιωνδε
837 1206 1148 1306 μόχθων
1189 1208 1546 1310 §nv-pomp!
1561 1211 1812 1338 ‘oddae
1845 1219 2035 1290 θεων

510 1309 801 1391 δύναιτ’
833 1346 924 1389 αν
966 1312 1171 1411 αὐτῷ
1192 1312 1376 1403 πλην
1407 1317 1593 1409 ἐμοῦ
1625 1322 1852 1401 δεῖξαι
1886 1321 2148 1416 σαφῶς.

507 1413 644 1514 ἐγω
669 1412 844 1493 τάδ’
873 1416 1080 1509 οἶδα,
1137 1447 1236 1511 χω
1271 1414 1544 1517 τρόπῳ.

322 1572 636 1643 Referunt
665 1596 752 1643 eo
782 1573 984 1642 etiam
1007 1573 1332 1642 Mercurii
1361 1574 1573 1643 verba
1589 1623 1610 1659 ‚
1665 1596 1728 1646 v.
1762 1571 1937 1646 949.

399 1880 409 1889 .
503 1824 758 1919 ὁδους,
816 1829 1274 1928 Προμηθεῦ..
1325 1727 2022 1927 πςέἒίᾰςζέβιπλας

306 1996 712 2068 rediturum
692 2022 761 2067 m
785 2000 1095 2092 proxima
1131 2000 1366 2069 fabula
1395 1996 1813 2071 Mercurium
1844 2001 2126 2072 indicari
2149 2003 2296 2077 rati.
2362 2005 2508 2074 De-

308 2101 493 2192 nique
524 2126 703 2193 quae
731 2102 915 2171 idem
944 2101 1109 2171 dicit
1132 2127 1195 2176 v.
1230 2101 1458 2176 1025.

494 2273 794 2347 τοιοῦδε
820 2266 1122 2367 μόχθου
1152 2273 1390 2397 τέρμα
1417 2267 1527 2370 μή
1557 2301 1633 2346 τι
1638 2268 2056 2399 dunecanum,

493 2404 694 2500 nowm
698 2405 789 2449 αν
824 2377 1020 2451 θεων
1051 2403 1164 2458 τις
1194 2370 1532 2467 διαδοχος
1560 2376 1708 2449 τοῖν
1740 2404 1884 2450 ow»
1913 2371 2157 2451 πόνων

492 2480 694 2576 φανῇ
713 2527 735 2564 ‚
779 2474 1053 2604 θελήσῃ
1090 2482 1169 2553 τ’
1215 2482 1313 2560 εἰς
1336 2471 1751 2574 οἷναυγητον
1779 2486 2037 2573 μολεῖν

488 2581 672 2682 ᾅδην
704 2576 1015 2679 κνεφαῖά
1051 2578 1132 2658 τ’
1163 2579 1357 2680 α’μφὶ
1389 2576 1770 2680 ταρτᾶρου
1795 2577 2038 2683 βάθη·

304 2754 523 2842 quibus
573 2753 947 2824 Chironem
987 2755 1307 2847 respicit,
1362 2755 1477 2844 qui
1512 2753 1690 2822 ultro
1736 2763 1935 2822 exuta
1975 2755 2333 2827 immortali
2377 2782 2504 2829 na·-

300 2864 434 2925 tura
459 2882 586 2951 pro
624 2858 1043 2929 Prometheo
1072 2858 1160 2926 ad
1201 2857 1462 2927 Orcum
1493 2857 1747 2927 abierit.
1850 2858 1957 2927 Ac
1985 2861 2221 2952 negari
2248 2863 2501 2951 nequit,

300 2982 432 3028 esse
463 2963 636 3031 haec
669 2962 895 3030 omnia
931 2963 1026 3030 ita
1066 2971 1490 3054 comparata,
1541 2971 1651 3049 ut,
1704 2961 2022 3051 quoniam
2060 2987 2215 3032 cum
2248 2965 2502 3034 libera-

297 3064 459 3134 tione
503 3065 901 3135 Pmmethei
936 3067 1293 3134 coniuncta
1332 3074 1516 3147 sunt,
1568 3087 1706 3132 non
1749 3067 2006 3156 possint
2049 3089 2184 3133 non
2218 3066 2306 3134 ad
2351 3069 2498 3138 So-

297 3166 491 3238 lutum
541 3169 1030 3239 Prometheum
1077 3179 1420 3262 spectare,
1474 3168 1528 3235 si
1571 3167 1626 3235 is
1663 3169 2013 3259 copulatus
2052 3191 2207 3237 cum
2249 3170 2496 3240 Vincto

294 3269 424 3344 fuit.
526 3272 674 3342 Sed
721 3283 1055 3342 mutemus
1086 3296 1273 3358 rem,
1326 3282 1441 3339 aut
1470 3272 1907 3339 invertamus:
1960 3293 2296 3340 sumamus
2338 3276 2496 3342 nul-
2569 3303 2572 3306 ·

293 3371 420 3443 lum
468 3378 797 3469 scriptum
843 3400 988 3445 esse
1041 3376 1353 3445 Solutum
1415 3373 1938 3460 Prometheum
2003 3362 2119 3442 aut
2184 3385 2494 3469 tempore

293 3478 572 3567 priorem
617 3481 823 3548 fuisse
874 3480 1154 3549 Vincto:
1225 3502 1383 3547 num
1432 3477 1549 3567 qui
1614 3477 1830 3545 minus
1877 3477 2117 3546 eadem
2160 3479 2274 3549 illa
2314 3480 2494 3550 dicta

294 3602 425 3650 esse
478 3583 832 3652 credemus
854 3584 889 3651 P
969 3585 1146 3651 Nam
1194 3581 1596 3651 liberationis
1653 3580 1926 3670 quidem
1966 3585 2341 3652 necessario
2392 3584 2495 3652 fa-

294 3684 515 3753 cienda
558 3696 701 3755 erat
752 3687 1006 3755 mentio
1026 3737 1047 3772 ‚
1114 3710 1203 3755 ne
1250 3686 1358 3774 lo,
1429 3684 1614 3752 cuius
1667 3706 1751 3752 ex
1792 3685 2077 3776 posteris
2129 3687 2494 3779 sospitator

293 3785 668 3859 Promethei
695 3793 1048 3860 exstiturus
1068 3800 1269 3868 esset,
1299 3789 1543 3858 inutilis
1569 3810 1864 3879 persona
1887 3788 2247 3864 videretur.
2302 3789 2493 3863 Con-

290 3891 549 3961 nubium
590 3894 768 3962 Iovis
817 3904 1043 3963 autem
1089 3894 1297 3961 multo
1333 3895 1548 3961 minus
1580 3893 1932 3983 praeteriri
1973 3901 2276 3984 poterat,
2330 3897 2489 3984 quia

290 3997 641 4065 curandum
676 4008 860 4088 erat,
909 4008 981 4065 ut
1005 3998 1209 4065 finem
1238 3999 1484 4065 iustum
1511 3995 1799 4063 haberet
1832 3996 2083 4079 fabula,
2137 4020 2264 4065 nec
2300 4022 2455 4090 spe·
2488 4024 2537 4091 9

289 4106 580 4183 ctatores,
635 4124 841 4191 quem
869 4100 958 4168 ad
997 4102 1206 4169 multa
1242 4102 1511 4170 saecula
1540 4098 1712 4167 saxis
1741 4099 1934 4191 affigi
1960 4099 2311 4181 vidissent,
2367 4100 2486 4170 de-

287 4221 494 4271 serere
547 4205 640 4273 ibi
689 4205 1139 4296 pendentem,
1194 4207 1463 4295 suisque
1521 4204 2062 4271 immiserabilcm
2102 4205 2484 4294 relinquere

285 4306 456 4374 malis
496 4319 937 4400 cogerentur:
993 4308 1181 4399 quod
1235 4331 1444 4398 quum
1496 4317 1671 4376 esset
1710 4306 1804 4374 ita
1844 4306 2355 4397 instituendum,
2408 4317 2483 4376 ut

284 4426 398 4476 nec
426 4433 695 4501 poenae
726 4413 1063 4492 atrocium,
1116 4434 1291 4502 quae
1321 4413 1432 4479 vel
1464 4410 1755 4479 maxime
1780 4412 1848 4478 in
1878 4411 2305 4505 diuturnitate
2332 4410 2483 4478 vin-

285 4505 571 4584 culoru'm
600 4518 820 4609 posita
851 4526 1059 4604 esset,
1112 4516 1553 4593 minueretur,
1609 4537 1734 4582 nec
1762 4524 2255 4606 repugnaretur
2288 4535 2482 4606 com-

1919 4632 2065 4701 az
