3259 5275
751 460 878 522 212
1468 448 2212 544 EMENu-ATIONES

750 648 949 716 hrum
980 643 1130 713 XII.
1166 643 1386 712 verbis
1414 641 1542 710 illis
1591 640 1683 721 ὥς
1724 640 1769 714 ὃ
1797 643 1936 731 μέν
1955 687 1983 719 ,
2034 649 2107 710 et
2147 640 2308 709 alias
2345 640 2747 733 rhapsodias
2778 645 2959 713 simi-

752 752 901 836 liter
941 748 1224 840 incepit,
1266 747 1652 839 intelligere
1703 743 1939 811 debuit
1971 742 2302 812 coluthus
2322 793 2343 830 ,
2396 745 2652 813 factum
2698 746 2774 814 id
2815 771 2960 817 esse

751 855 882 937 sic,
935 862 1009 919 ut
1048 873 1449 944 praegressa
1491 848 2002 939 respicerentur.
2108 846 2370 915 Censor
2411 848 2958 943 Heidelbergen-

750 957 837 1024 sis
865 980 934 1048 p.
973 950 1149 1028 5⁰9.
1181 951 1714 1045 comparandum
1749 950 1953 1019 fuisse
1983 951 2074 1018 ait
2099 950 2539 1019 Homericum
2571 950 2708 1021 od.
2741 954 2794 1020 l.
2841 954 2956 1026 ll.

956 1120 1121 1199 ἕνθ’
1148 1120 1355 1196 ἄλλοι
1384 1121 1522 1214 μὲν
1553 1116 1855 1209 πάντες,
1905 1117 2069 1193 ὅσοι
2105 1113 2339 1217 φύγον
2368 1112 2592 1195 αἰπιῖν
2621 1120 2739 1196 ὄλε
2752 1131 2959 1221 θρον,

954 1230 1142 1300 οἴκοι
1177 1226 1349 1300 ἕσαν
1363 1279 1392 1313 ,

746 1400 1014 1489 aliaque
1053 1398 1124 1466 in
1172 1396 1427 1464 medias
1480 1418 1588 1464 res
1630 1394 1961 1489 rapientia
2005 1394 2297 1479 exordia.
2401 1394 2670 1466 Horum
2715 1396 2961 1466 vellem

750 1502 1099 1594 exempla,
1151 1521 1327 1589 quae
1374 1499 1609 1567 similia
1656 1507 1907 1584 essent,
1961 1498 2273 1571 dedisset.
2379 1500 2559 1567 Nam
2605 1498 2695 1568 de
2734 1500 2851 1567 illo
2894 1501 2965 1570 in

750 1605 1066 1697 Odyssea
1097 1604 1217 1671 etsi
1256 1601 1667 1686 Nitzschius,
1722 1625 2060 1692 quemque
2094 1602 2148 1670 is
2181 1602 2432 1689 laudat,
2487 1601 2678 1676 Guil.
2725 1601 2988 1671 Muci?

748 1710 926 1776 lerus
953 1707 1197 1775 rectius
1231 1728 1434 1794 quam
1461 1706 1569 1772 alii
1603 1706 1999 1792 iudicarunt,
2037 1714 2263 1773 tamen
2289 1707 2726 1796 reliquerunt,
2771 1705 2963 1795 quod

751 1812 1039 1880 maxime
1070 1806 1460 1877 addendum
1489 1819 1669 1894 erat,
1721 1808 1960 1876 referri
2001 1808 2185 1881 ἔνθα
2222 1808 2311 1876 ad
2354 1809 2566 1876 verba
2603 1832 2666 1877 v.
2719 1808 2789 1877 2.
2823 1834 2961 1903 po-

747 1915 911 2001 sita,
965 1912 1118 1986 ἑπεὶ
1170 1908 1424 2008 Τροίης
1470 1905 1667 2004 ἱερόν
1711 1908 2155 2002 πτολίεθρον
2198 1912 2536 2005 ἔπερσεν,
2590 1913 2821 2000 itaque
2852 1914 2960 1981 in-

666 2089 675 2094 ,
748 2017 973 2085 dicato
1015 2017 1146 2083 iam
1203 2024 1512 2105 tempore
1570 2025 1756 2083 recte
1812 2013 2064 2081 dictum
2129 2037 2293 2082 esse.
2401 2013 2770 2108 ColuthuS,
2837 2017 2961 2085 nisi

744 2119 992 2206 fallor,
1027 2119 1385 2210 scripserat
1418 2122 1610 2190 τοῖσι
1646 2119 1782 2209 μέν
1806 2165 1827 2205 ,
1882 2125 1955 2184 ut
1996 2116 2530 2210 intelligerentur
2559 2140 2643 2186 ex
2687 2141 2762 2187 re
2809 2119 2960 2212 ipsa

747 2223 1067 2291 convivae
1085 2222 1151 2288 in
1187 2219 1431 2311 nuptiis
1462 2219 1670 2289 Pelei.
1723 2220 1935 2288 Error
1963 2220 2247 2289 fortasse
2277 2244 2363 2289 ex
2395 2243 2478 2289 eo
2511 2230 2725 2305 natuS‚
2770 2222 2960 2312 quod

752 2327 823 2394 in
865 2323 1319 2413 antiquissimo
1356 2321 1592 2391 codice
1625 2324 1948 2416 scriptum
1979 2332 2122 2391 erat
2169 2329 2313 2396 οῖσι
2342 2325 2479 2417 μέν
2494 2379 2521 2414 ,
2575 2327 2823 2393 omissa
2855 2326 2958 2395 lit-

749 2438 896 2498 tera
930 2427 1156 2495 initiali
1175 2476 1197 2513 ,
1247 2446 1422 2515 quae
1456 2433 1529 2492 ut
1556 2426 1623 2494 in
1654 2426 1859 2518 ipsius
1890 2427 2280 2495 narrationis
2330 2428 2606 2496 exordio
2648 2438 2811 2523 post
2846 2453 2957 2498 es—

749 2542 850 2601 set
878 2529 1085 2598 rubro
1112 2523 1477 2621 pingenda.

952 2633 1033 2702 ln
1059 2630 1554 2701 enumeratione
1582 2628 1904 2721 deorum,
1953 2632 2066 2722 qui
2096 2632 2362 2725 nuptias
2401 2631 2715 2704 Thetidis
2746 2660 2956 2731 prae-

742 2738 953 2806 sentia
980 2760 1098 2805 sua
1127 2735 1522 2821 ornaverint,
1576 2735 1912 2838 quaedam
1943 2746 2280 2828 corrupta,
2335 2737 2461 2807 alia
2490 2739 2756 2808 turbata
2782 2750 2954 2811 sunt.

744 2839 957 2927 Quod
985 2863 1046 2909 v·
1082 2838 1203 2907 23.
1238 2839 1521 2933 legitur,

646 3000 757 3070 lu
950 3014 1025 3083 ἐκ
1061 3008 1137 3083 δὲ
1165 3001 1672 3098 μελισσήεντος
1700 3002 2209 3100 οἷπεσσυμένων
2237 3006 2621 3090 Ἑλικῶνος

947 3104 1326 3187 Μουσάων
1358 3102 1769 3204 λιγύφωνον
1810 3108 2002 3202 ἄγων
2034 3104 2256 3207 χορόν
2285 3108 2515 3208 ἦλθεν
2541 3106 2952 3221 Ἀπόλλων,

740 3285 1101 3352 correctori
1154 3282 1471 3350 debetur:
1526 3279 1647 3348 sed
1698 3280 1791 3356 is,
1855 3291 1930 3347 ut
1976 3281 2372 3372 oportebat,
2448 3286 2951 3378 ἐπεσσομένων

739 3388 1130 3479 scripserat,
1182 3384 1368 3476 quod
1406 3392 1505 3452 est
1552 3385 1618 3450 in
1675 3382 1825 3450 cod.
1865 3382 2076 3454 Goth.
2179 3386 2316 3452 Pro
2366 3408 2448 3452 ea
2484 3409 2654 3455 voce
2699 3391 2950 3480 genui-

739 3513 897 3558 nam
936 3491 1334 3581 scripturam
1377 3486 1562 3554 dedit
1599 3486 1817 3554 codex
1851 3485 2025 3555 Mut.
2069 3481 2202 3557 ἀπ’
2237 3480 2576 3580 εὐόδμου.
2680 3491 2788 3559 Ea
2816 3493 2947 3561 mi-

738 3615 889 3661 rum
937 3603 1039 3660 est
1077 3615 1204 3659 nec
1245 3590 1567 3658 lulianum
1588 3637 1608 3669 ,
1658 3590 1773 3678 qui
1802 3589 2216 3657 Nicandrum
2250 3590 2460 3661 Ther.
2503 3590 2626 3665 ll.
2665 3595 2946 3686 eiusque

738 3695 1143 3764 scholiasten
1178 3694 1487 3779 attulerit,
1541 3715 1665 3760 nec
1699 3688 2047 3760 censore'm
2090 3693 2228 3761 eius
2263 3694 2941 3791 Heidelbergensem,

738 3798 852 3887 qui
902 3797 1398 3866 adnotationem
1448 3795 1682 3864 Iuliani
1725 3797 2137 3881 tractaverit,
2188 3798 2285 3864 uti
2326 3798 2621 3870 scivisse.
2722 3802 2941 3872 Aliter

738 3899 1052 3968 vidissent
1083 3892 1623 3992 Μελισσήεντος
1669 3898 1801 3966 1οοί
1834 3899 1901 3965 in
1940 3899 2269 3968 Helicone
2309 3923 2556 3968 nomen
2588 3925 2738 3973 esse
2766 3929 2935 3998 pro-

734 4003 977 4095 prium.
1079 4002 1202 4070 His
1232 4002 1533 4070 versibus
1560 4001 1958 4070 subiiciendi
2001 4013 2154 4071 sunt
2184 4026 2245 4070 v.
2286 4001 2405 4071 39.
2438 4003 2560 4076 4⁰.

938 4171 1289 4265 χρυσείοις
1324 4166 1395 4243 δ’
1426 4168 1780 4266 ἑκοῖτερθε
1816 4165 2339 4265 τινασσόμενος
2371 4168 2814 4267 πλοκάμοισι

935 4267 1202 4369 βότρυς
1230 4266 1702 4373 οἱκερσεκόμης
1729 4268 2038 4372 Ζεφύρῳ
2073 4276 2534 4372 στυφελίζετο
2563 4279 2825 4379 χαίτης.

732 4444 872 4531 Qui
905 4464 1042 4537 quo
1070 4445 1214 4513 iure
1247 4468 1291 4512 a
1313 4444 1655 4538 plerisque
1688 4444 1780 4515 ad
1818 4444 2172 4523 Bacchum
2217 4445 2407 4515 rdati
2437 4445 2569 4515 sint
2586 4498 2608 4537 ,
2662 4468 2795 4518 non
2820 4449 2930 4517 in·-
