3259 5275
906 479 1851 546 nlssssn‘rArlo.
2357 487 2482 551 ⁸⁹1

285 676 436 747 nihil
469 676 647 744 enim
682 696 820 744 non
869 673 1178 745 creditur.
1283 673 1430 744 Se'd
1458 676 1573 764 qui
1619 695 1752 743 non
1783 674 2095 760 credent,
2148 699 2231 745 eo
2266 678 2483 771 magis

284 805 435 850 vera
463 779 689 848 dicere
721 777 1253 848 Demosthenem
1285 780 1676 865 censebunt,
1710 778 1899 868 quod
1935 779 2267 871 ademptis
2303 781 2481 849 iudi-

283 886 389 953 ciis
423 882 816 975 capitalibus
833 883 1235 975 Areopagum
1261 882 1351 951 de
1385 884 1760 976 Areopago
1787 892 1964 951 esset
1998 884 2318 953 sublatus.
2373 885 2482 970 At,

281 989 602 1077 inquiunt,
665 995 900 1079 aperte
945 995 1282 1080 repugnat
1325 985 1767 1056 Demostheni
1816 987 2094 1078 Lysias,
2149 987 2481 1056 redditam

274 1091 642 1183 Areopago
704 1113 829 1159 sua
871 1098 1090 1159 aetate
1136 1098 1541 1183 potestatem
1589 1091 1770 1158 illam
1816 1091 2195 1160 testificans.
2262 1090 2484 1160 Miror

280 1218 405 1288 ego
431 1193 746 1284 quidem,
794 1192 994 1263 huius
1024 1194 1236 1262 verba
1256 1195 1458 1262 etiam
1483 1193 2140 1263 Forchhammerum
2168 1195 2261 1263 ita
2289 1217 2481 1263 com-

281 1299 577 1382 movisse,
628 1306 707 1365 ut
761 1307 831 1366 et
881 1296 970 1366 de
1020 1298 1351 1390 scriptura
1397 1297 1737 1366 dubitaret
1780 1307 1851 1365 et
1911 1322 2023 1367 eas
2090 1297 2483 1367 admoveret

279 1400 632 1484 machinas,
688 1423 856 1492 quas
907 1422 1045 1469 non
1090 1401 1226 1469 fert
1266 1423 1425 1470 usus
1470 1401 1757 1473 dicendi.
1824 1403 2068 1492 Neque
2109 1402 2215 1472 his
2259 1426 2480 1493 neque

279 1506 409 1574 aliis
470 1504 795 1574 machinis
866 1527 1059 1597 opus.
1164 1506 1343 1572 Nam
1410 1504 1652 1573 eadem
1707 1505 1857 1597 ipsa
1921 1506 2163 1590 verba,
2237 1505 2479 1596 quibus

281 1610 675 1678 contrarium
738 1631 942 1699 quam
996 1607 1487 1677 Demosthenes
1557 1608 1783 1676 testari
1838 1609 2014 1677 visus
2067 1618 2169 1677 est
2217 1609 2479 1700 Lysias,

281 1712 330 1781 si
372 1712 558 1780 aliter
602 1712 1070 1805 interpretem,
1123 1720 1381 1780 tantum
1432 1712 1623 1779 abest
1668 1721 1745 1779 ιιι
1793 1721 2175 1806 repugnent
2219 1711 2478 1784 Demo-

280 1815 519 1883 sthenis
588 1814 772 1884 dicto
792 1865 814 1904 ,
888 1825 965 1884 ut
1027 1815 1099 1883 id
1167 1817 1368 1884 etiam
1434 1816 1853 1889 confirment.
1958 1816 2272 1885 Recitata
2321 1815 2478 1908 lege

281 1941 357 1987 ex
401 1918 641 1988 tabulis
706 1919 1095 2011 Areopagi,
1164 1941 1241 2011 p.
1295 1915 1419 2000 94.
1491 1916 1612 1986 31.
1682 1920 1802 2011 (p.
1856 1917 1978 1987 31.
2031 1919 2139 1987 ed.
2193 1918 2477 2011 Reisk.)
2539 1986 2548 2000 ,

280 2022 364 2090 ita
411 2022 739 2111 loquitur·
808 2016 1155 2109 ἀκούετε,
1210 2051 1264 2094 ω
1319 2019 1615 2146 ἄνδρες,
1675 2019 1797 2096 ὅτι
1851 2017 2057 2116 αὐτῷ
2105 2022 2212 2118 τῷ
2263 2025 2476 2096 δικα-

282 2123 534 2221 στηρίφ
599 2124 710 2247 τεῷ
769 2129 841 2208 ἐξ
904 2120 1201 2220 Ἀρείου
1265 2118 1551 2217 πάγου,
1636 2121 1695 2220 ᾦ
1761 2125 1882 2198 καὶ
1947 2119 2267 2219 πατριόν
2319 2130 2475 2199 ἐστι

279 2225 387 2298 καὶ
434 2224 558 2322 ἐφ’
613 2225 821 2320 ὖμων
872 2223 1319 2302 ἀποδέδοται
1355 2228 1495 2300 τοῦ
1541 2222 1777 2324 φόνου
1829 2255 1962 2309 τας
2014 2226 2210 2308 δίκας
2261 2221 2475 2302 δικά-

280 2339 447 2422 ζειν,
500 2329 897 2430 διαρῤἤδην
949 2333 1232 2454 εἴρηται
1286 2331 1558 2403 τοῦτον
1594 2327 1702 2427 μή
1735 2324 2297 2422 καταγινώσκειν
2338 2324 2477 2455 φό-

282 2460 422 2524 vov,
475 2434 552 2516 ὃς
604 2434 700 2507 ἄν
746 2435 865 2507 ἐπὶ
908 2427 1234 2558 δάμαρτι
1274 2432 1369 2524 τῇ
1403 2433 1680 2507 ἑαυτοῦ
1717 2460 1985 2525 μοιχον
2015 2426 2259 2527 λαβων
2296 2427 2475 2507 ταύ-

280 2563 398 2657 την
445 2532 580 2632 τήν
635 2538 999 2632 τιμωρίαν
1056 2530 1470 2633 ποιήσηται
1571 2537 1994 2629 Ambiguum
2043 2537 2327 2606 verbum
2379 2547 2482 2605 est

282 2635 713 2715 ἀποδέδοται
736 2695 763 2728 ,
817 2640 1005 2732 quod
1050 2651 1120 2710 et
1168 2640 1549 2711 redditum
1598 2651 1712 2711 est
1752 2642 2118 2735 significat,
2170 2650 2241 2710 et
2290 2641 2480 2732 quod

280 2743 556 2815 Romani
590 2746 754 2814 iuris
806 2745 1089 2814 consulti
1142 2744 1373 2813 dicunt
1425 2745 1783 2839 competit.
1880 2745 2051 2814 Vtro
2103 2744 2480 2839 significatu

281 2845 520 2917 dictum
579 2856 759 2917 esset
773 2896 793 2932 ,
873 2849 1024 2917 illos
1078 2850 1194 2938 qui
1251 2848 1615 2919 audiebant
1678 2858 2018 2918 oratorem
2072 2848 2282 2917 latere
2345 2871 2480 2917 non

281 2952 519 3041 potuitz
583 2952 782 3021 nobis
834 2973 999 3020 vero
1039 2952 1435 3046 ambiguum
1479 2953 1781 3023 videatur
1831 2975 2107 3022 necesse
2161 2961 2300 3037 est,
2364 2953 2480 3041 qui

262 3074 403 3123 ,non
430 3056 741 3144 sciamus,
770 3055 894 3124 sed
934 3078 1358 3147 quaeramus,
1389 3068 1754 3148 ereptaene
1791 3057 1947 3125 illae
1978 3078 2251 3147 quoque
2282 3078 2478 3124 caus-

260 3179 384 3226 sae
433 3158 795 3248 aliquando
844 3159 1221 3253 Areopago
1274 3168 1345 3229 et
1391 3169 1549 3252 post
1596 3159 1905 3230 redditae
1955 3159 2105 3247 sint,
2157 3181 2244 3227 an
2288 3178 2476 3227 num·

280 3282 470 3349 quam
520 3272 819 3355 creptae.
924 3262 1111 3348 Quid
1161 3264 1287 3331 fuit
1335 3264 1572 3357 igitur,
1637 3288 1757 3332 cur
1808 3265 2020 3332 altera
2070 3263 2475 3354 interpreta-

280 3364 366 3432 tio
403 3366 842 3460 acciperetur,
896 3366 1108 3435 altera
1156 3367 1360 3460 plane
1400 3367 1835 3436 reiiceretur?
1886 3369 2043 3436 Non
2096 3376 2198 3434 est
2228 3364 2303 3433 id
2344 3367 2475 3434 ob-

281 3490 556 3543 scurum.
663 3471 842 3543 Nam
878 3470 932 3538 si
967 3493 1333 3559 numquam
1385 3470 1611 3540 caedis
1658 3470 1903 3540 iudicia
1953 3469 2273 3561 adempta
2324 3480 2478 3537 sunt

282 3568 676 3666 Areopago,
742 3574 1014 3665 ineptus
1053 3574 1359 3643 videatur
1408 3597 1685 3644 necesse
1737 3583 1840 3644 est
1889 3582 2149 3657 orator,
2201 3573 2319 3663 qui
2370 3571 2478 3640 di-

283 3683 386 3742 cat
442 3675 597 3745 istas
663 3677 1084 3770 cognitiones
1143 3687 1215 3746 et
1272 3678 1524 3771 patrias
1593 3678 1656 3747 ei
1722 3702 1871 3747 esse
1938 3687 2008 3746 et
2073 3697 2197 3745 sua
2260 3687 2480 3745 aetate

284 3790 697 3870 competere,
765 3781 953 3869 quasi
1006 3779 1300 3850 dubitari
1364 3782 1611 3873 possit,
1683 3805 1770 3851 an
1790 3829 1812 3864 ,
1834 3782 1937 3849 -si
1989 3780 2061 3849 id
2112 3802 2482 3870 numquam

282 3900 409 3949 non
448 3882 591 3969 fuit,
641 3906 820 3953 nunc
872 3905 1011 3952 non
1062 3886 1165 3958 sit.
1239 3883 1568 3953 Concedo
1618 3907 1752 3953 non
1794 3906 2003 3978 posse
2055 3906 2191 3952 non
2233 3884 2325 3951 ita
2375 3885 2480 3952 vi—

284 3981 438 4073 deri,
488 3988 711 4080 primo
763 3987 1043 4078 quidem
1092 3988 1439 4079 adspectu.
1507 3988 1653 4057 Sed
1705 3989 2077 4058 accuratius
2129 4009 2273 4054 rem
2312 4010 2481 4055 con-

283 4086 584 4159 sideranti
635 4112 829 4160 secus
881 4113 1029 4161 esse
1079 4090 1457 4185 apparebit.
1524 4090 1851 4161 Defendit
1890 4115 1962 4161 se
1997 4092 2077 4177 is,
2124 4092 2240 4180 qui
2279 4090 2480 4159 adul-

282 4196 487 4261 terum
535 4194 995 4284 interfecerat,
1079 4197 1237 4289 lege
1301 4195 1675 4289 Areopagi.
1780 4194 1961 4264 Illius
2024 4195 2230 4287 igitur
2290 4194 2462 4287 legis
2483 4191 2583 4262 19

285 4305 518 4381 quanta
562 4297 811 4366 debeat
860 4301 1222 4368 auctoritas
1273 4321 1421 4368 esse
1476 4308 1554 4367 ut
1603 4298 1953 4386 ostendat,
2031 4298 2481 4389 Areopagum

283 4393 435 4466 illud
488 4422 633 4470 esse
685 4401 1005 4471 iudicium
1057 4402 1254 4487 dicit,
1337 4401 1446 4471 cui
1513 4411 1584 4470 et
1650 4403 1943 4495 patrium
1994 4401 2080 4469 sit
2129 4400 2219 4468 de
2270 4400 2482 4468 caede

283 4495 600 4591 iudicare,
679 4514 750 4573 et
809 4528 990 4575 nunc
1057 4528 1333 4599 quoque
1392 4528 1475 4575 ea
1522 4515 1821 4599 potestas
1866 4512 2228 4598 competat.
2338 4502 2483 4572 Cur
