3259 5275
795 365 925 431 288
1391 362 2544 456 DEHYPERBOLE·

801 559 1150 653 appellare
1194 556 1458 638 maluit,
1499 555 1899 647 praesertim
1938 557 1992 624 si
2016 563 2192 624 totos
2223 557 2552 626 exercitus
2588 556 2998 651 designabat,

801 665 870 733 ἰιι
901 664 1178 755 quibus,
1232 661 1288 729 si
1329 662 1622 754 πρυλέες
1676 667 1826 729 sunt
1861 660 2166 751 pediteS,
2228 683 2365 728 ιιοιι
2413 659 2703 730 decebat
2732 666 3000 752 equites,

806 769 925 858 qui
985 766 1308 858 dignitate
1351 763 1656 855 potiores
1716 771 1902 850 sunt,
1980 764 2350 854 praeteriri.
2456 768 2552 832 At
2590 765 2808 832 illud·
2789 790 2999 857 ipsum

804 870 1003 939 valde
1046 869 1326 937 dubium
1361 875 1495 951 est,
1547 868 1963 959 significetue
1992 867 2259 958 pedites
2305 891 2388 935 ea
2424 890 2574 938 vox.
2677 868 2806 936 Est
2835 872 3001 939 enim

801 975 871 1042 in
901 975 1001 1058 iis,
1045 972 1133 1040 de
1163 993 1449 1061 quarum
1474 971 1849 1063 significatu
1877 993 1963 1039 ue
1991 971 2325 1039 veteribus
2354 971 2629 1061 quidem
2653 972 2809 1039 satis
2841 995 3001 1041 con-

803 1079 1042 1146 stabat.
1112 1075 1195 1143 Id
1225 1096 1432 1165 quum
1454 1096 1537 1141 ex
1564 1075 2037 1165 interpretibus
2068 1075 2355 1142 Homeri
2386 1085 2452 1143 et
2480 1076 3001 1167 lexicogmphh,

800 1190 943 1249 tum
977 1202 1060 1249 ex
1108 1179 1327 1271 poetis
1361 1178 1841 1246 recentioribus
1885 1178 2068 1245 aliud
2095 1188 2298 1268 atque
2328 1178 2510 1247 aliud
2545 1180 2845 1268 sequutis
2876 1203 3000 1248 co-

799 1284 1161 1378 gnoscitur.
1262 1281 1611 1372 Plerisque
1656 1282 1777 1349 visi
1829 1291 1979 1350 suut
2021 1282 2287 1373 pedites
2341 1283 2721 1375 significari.
2828 1283 3002 1351 Hinc

800 1387 1190 1457 scholiastes
1232 1384 1322 1452 ad
1363 1384 1551 1455 Iliad.
1586 1385 1708 1458 xl.
1744 1383 1868 1454 49.
1920 1382 1964 1479 ἡ
2003 1385 2254 1478 διπλῆ,
2308 1381 2423 1458 ὅτι
2456 1412 2783 1481 φανερως
2810 1413 3000 1481 πρυ-

800 1493 948 1571 λέες
990 1496 1062 1561 οἱ
1108 1486 1324 1574 πεζοί.
1379 1485 1920 1562 οἱντιδιέσταλκε
1969 1514 2109 1583 γαρ
2168 1513 2339 1567 τους
2392 1496 2671 1569 ἵππους.
2778 1489 2878 1557 Et
2919 1490 3000 1559 ad

799 1594 950 1663 XII.
987 1592 1107 1661 Π.
1151 1589 1194 1689 ἡ
1241 1591 1493 1685 διπλῆ,
1547 1590 1669 1665 ὅτι
1710 1617 1953 1685 σαφως
1984 1618 2155 1693 τους
2186 1585 2436 1677 πεζους
2481 1588 2783 1674 ὁπλίτας
2801 1618 2999 1716 πρυ-

799 1699 979 1778 λέας.
1081 1693 1498 1785 HesychiuS.
1555 1698 1903 1788 Πρυλεῖς,
1960 1701 2040 1767 οὶ
2065 1696 2246 1785 μέν,
2300 1688 2606 1776 πολλους
2632 1690 2888 1777 λαούς·
2937 1701 3009 1767 οἳ

800 1802 885 1873 δέ
900 1849 921 1888 ,
974 1792 1417 1894 προμάχους,
1471 1796 1516 1892 ἢ
1550 1791 1801 1882 πεζους
1832 1795 2130 1876 ὁπλίτας
2164 1790 2504 1892 ἁθρόους.
2613 1800 3000 1921 [loo-vum,

799 1909 1029 1988 πεζοῖς
1065 1899 1413 1981 ὁπλίταις
1522 1902 1882 2022 Πρυλέες,
1915 1899 2112 1986 πεζοί
2142 1897 2466 1989 ὁπλῖται,
2521 1893 2673 1972 ἆπὸ
2702 1902 2832 1996 τῆς
2857 1930 2999 1975 πο-

798 2005 1015 2101 ρείας,
1068 2005 1411 2078 τουτέστι
1442 2003 1704 2100 πορείᾳ
1735 2028 2109 2096 χρωμενοι.
2216 1999 2622 2098 Πρυλεέσσ’
2653 1999 2997 2098 α’ραρυῖα,

796 2114 1027 2195 πεζοῖς
1057 2105 1494 2230 ἦρμοσμένη.
1579 2106 1660 2174 ln
1693 2105 1983 2175 Scholiis
2016 2105 2105 2173 ad
2132 2104 2322 2180 Iliad.
2347 2107 2431 2176 V.
2470 2105 2641 2177 744.
2679 2106 2870 2196 quod
2895 2108 2998 2175 le-

795 2213 1010 2303 gitur,
1064 2207 1210 2300 εἶχε
1244 2236 1405 2303 γαρ,
1459 2209 1704 2305 φασίν,
1760 2213 1836 2283 ἐν
1870 2208 2096 2304 ἑαυτῇ
2125 2208 2425 2290 πολίτας
2454 2212 2998 2301 τετυπωμένους

796 2316 1070 2388 πολέων
1105 2307 1204 2408 ρ’,
1259 2313 1457 2380 scribi
1486 2311 1787 2382 debebat
1824 2309 2157 2395 ὁπλίτας,
2208 2321 2284 2379 ut
2320 2314 2387 2381 in
2425 2322 2752 2402 sequente
2790 2310 2996 2381 scho-

792 2418 904 2490 lio.
1011 2414 1421 2484 Conferendi
1450 2439 1660 2508 porro
1688 2417 1918 2507 Etym.
1949 2415 2052 2484 Μ.
2079 2437 2152 2507 p.
2186 2414 2360 2503 693,
2387 2415 2506 2484 31.
2595 2416 2996 2507 Apollonius

792 2521 862 2588 in
899 2520 1115 2587 lexico
1158 2519 1565 2607 Homerico,
1621 2519 1898 2604 SuidaS‚
1950 2515 2335 2588 Eustathius
2373 2543 2446 2611 p.
2476 2517 2650 2603 691,
2687 2516 2754 2588 l.
2861 2520 2996 2588 Hic

795 2622 1071 2714 quidem
1118 2631 1187 2691 et
1227 2622 1356 2691 isto
1403 2623 1558 2692 loco
1603 2631 1674 2691 et
1724 2647 1796 2715 p.
1842 2621 2017 2691 893.
2119 2623 2514 2693 Herodiano
2558 2623 2838 2715 placere
2880 2625 2993 2713 ait,

793 2727 1274 2795 nominativum
1300 2749 1436 2794 ιιοιι
1473 2720 1727 2822 πρύλις
1753 2727 1982 2816 fuisse,
2029 2726 2216 2817 quod
2238 2751 2486 2796 nomen
2501 2727 2868 2818 proprium
2895 2738 2998 2796 est

795 2830 980 2924 apud
1014 2830 1364 2922 Lycophr.
1397 2828 1568 2898 222.
1599 2829 1724 2898 sed
1755 2824 2038 2925 πρυλής.
2083 2876 2089 2882 -
2144 2829 2631 2921 Gortyniorum
2669 2852 2823 2898 eam
2868 2854 2997 2900 vo-

794 2957 943 3002 cem
977 2957 1125 3002 esse
1159 2943 1434 3002 testatur
1461 2934 1853 3002 scholiastes
1882 2933 1971 3000 ad
1996 2932 2184 3003 Iliad.
2212 2936 2361 3004 xn.
2389 2934 2708 3027 πρυλέες,
2765 2930 2996 3014 οὕτως

792 3031 1211 3132 Γορτύνιοι.
1320 3038 1462 3106 Sed
1505 3037 1938 3122 Eustathius‚
1990 3059 2202 3127 quum
2242 3037 2504 3129 scripsit
2532 3058 2607 3127 p.
2657 3034 2836 3123 893,
2872 3035 2992 3105 34.

790 3142 1084 3234 πρυλέες
1117 3141 1230 3224 δι’,
1273 3147 1346 3213 οἱ
1371 3146 1448 3215 ἐν
1491 3134 1693 3237 μάχῃ
1737 3139 1934 3226 πὲζοὶ
1965 3134 2154 3211 κατοῖ
2182 3140 2509 3233 γλῶσσαν
2535 3138 2989 3235 Γορτυνίων,

739 3238 895 3324 Ίῶς
925 3269 1150 3338 φασιν
1180 3249 1253 3316 οἱ
1282 3243 1630 3331 παλαιοί,
1682 3245 1838 3336 plus
1874 3243 2066 3324 dixit,
2120 3244 2360 3335 opinor
2383 3295 2403 3330 ,
2457 3264 2661 3331 quam
2696 3265 2992 3335 accepe-

786 3353 923 3428 rat,
972 3346 1225 3427 addito,
1278 3370 1413 3436 qua
1447 3347 1936 3439 significatione
1971 3357 2373 3439 usurparent
2401 3345 2735 3435 Gortynii.
2843 3346 2988 3412 Re-

781 3449 993 3541 petita
1019 3460 1173 3518 sunt
1199 3449 1370 3518 haec
1395 3453 1604 3518 verba
1647 3473 1691 3517 a
1724 3450 2061 3518 Favorino
2089 3451 2158 3519 in
2184 3450 2544 3541 Excerptis
2571 3471 2646 3540 p.
2671 3446 2848 3517 396.
2878 3448 2983 3517 ed.

782 3551 1093 3622 Dindorf.
1144 3554 1454 3647 Accepta
1484 3577 1619 3623 vox
1643 3553 1735 3622 ita
1768 3577 1811 3622 a
1834 3551 2254 3623 Manethoue
2283 3555 2369 3623 11.
2399 3550 2572 3626 215.

1009 3824 1028 3845 ς
1191 3822 1210 3849 Ι
1819 3722 1937 3824 ἡδ’
1964 3718 2244 3816 ἱππήων
2272 3725 2597 3824 πρυλέων
2632 3751 2718 3796 τε

982 3854 1376 3923 ²17⁸F⁰Wcs

783 4006 848 4063 et
876 4019 918 4064 a
942 3998 1267 4097 scriptore
1287 4003 1810 4101 epigrammatis,
1856 4000 2044 4093 quod
2058 3954 2228 4071 inter
2250 4002 2658 4068 incertorum
2682 4007 2790 4068 est
2809 3992 2974 4069 596.

982 4168 1100 4244 καί
1132 4171 1379 4263 στίχας
1410 4169 1537 4269 ἠδὲ
1563 4166 1969 4270 φάλαγγας,
2024 4169 2125 4246 ι”δ
2149 4168 2507 4299 ἄρ’ραγέας
2543 4167 2978 4296 παρατάξεις

980 4270 1297 4349 ὁπλιτων
1323 4279 1690 4372 πρυλέων,
1743 4302 2115 4376 κρατερων
2151 4271 2378 4350 πάλιν
2401 4276 2974 4372 ἱπποκορυστων
