3259 5275
1034 549 1200 615 LIB.
1247 551 1322 613 Π.
1396 550 1592 614 ΟΔΡ.
1636 555 1697 618 8.
2396 554 2487 618 85

268 750 488 811 tamen
535 740 793 830 aliquid
834 740 1243 814 discriminis,
1351 742 1527 811 Nam
1574 746 1714 814 sine
1752 742 2081 836 particula
2111 741 2226 812 hic
2257 723 2485 811 sensus

268 856 396 914 est:
450 845 548 930 is,
606 845 730 937 qui
759 867 921 913 cum
961 845 1501 916 immortalibus
1531 848 2028 940 pugnaverit3
2092 847 2324 915 addita
2363 869 2485 914 au-

266 949 924 1145 ῗιιὲὸὲιιὶοιιηιφιε
939 949 1419 1044 pugnaverit.
1525 952 1761 1043 ltaque
1805 951 1993 1044 quod
2021 952 2269 1044 legitur
2295 949 2485 1018 Iliad.

362 1189 489 1262 nai
522 1182 663 1281 γᾶρ
697 1186 807 1268 τίς
838 1183 927 1262 θ’
961 1192 1086 1261 ἕνα
1116 1187 1316 1284 μῆνα
1350 1190 1589 1281 μένων
1618 1182 1770 1263 ἄπο
1796 1185 1875 1286 ἧς
1904 1181 2205 1280 α’λόχοιο

363 1284 703 1387 α’σχαλᾶᾳ
737 1316 869 1363 συν
909 1317 1022 1385 νηι
996 1286 1461 1388 '‘wolvgtiyqu,
1512 1289 1734 1386 ὅνπερ
1772 1290 2025 1366 ἄελλαι

366 1396 739 1490 χειμέριαι
768 1395 1127 1473 εἰλέωσιν,
1174 1389 1561 1494 ὀρινομένη
1589 1422 1673 1469 τε
1708 1387 2092 1484 θάλασσα,

268 1549 373 1616 vix
405 1545 770 1615 commode
809 1545 943 1613 dici
976 1545 1237 1638 potuit,
1290 1544 1376 1620 ὅν
1406 1574 1525 1621 κεν
1561 1546 1815 1621 ἄελλαι
1846 1550 2199 1635 εἶ’,λιωσιν
2251 1548 2306 1616 3ἰ
2338 1548 2492 1639 qui-

268 1651 427 1720 dem
453 1651 587 1718 iam
634 1650 787 1718 satis
815 1648 1183 1717 indicatum
1216 1658 1320 1718 est
1348 1649 1914 1742 praecedentibus
1938 1652 2195 1737 verbis,
2245 1650 2337 1719 de
2366 1653 2493 1719 ali-

267 1777 403 1846 quo
443 1762 632 1822 certo
668 1752 978 1838 homine,
1032 1754 1148 1841 qui
1178 1755 1517 1846 integrum
1548 1777 1851 1822 mensem
1882 1754 2090 1822 domo
2123 1751 2317 1842 absit,
2370 1777 2493 1825 co-
2543 1749 2556 1762 ‘

267 1856 626 1951 gitandum
655 1878 820 1924 esse.
893 1855 1035 1924 Sed
1066 1857 1121 1924 si
1151 1857 1531 1946 inveneris,
1587 1854 1675 1930 ὅν
1705 1884 1827 1930 κον
1862 1856 2116 1930 ἄελλαι
2150 1859 2494 1944 εἰλέωσιν,

264 1960 383 2034 καὶ
443 1965 571 2034 ἕνα
612 1958 810 2054 μῆνα
866 1960 1105 2051 μένων
1159 1954 1537 2056 α’σχαλᾶᾳ,
1603 1969 1789 2028 recte
1835 1960 2069 2028 addita
2106 1960 2231 2029 erit
2277 1960 2494 2051 parti-

268 2064 451 2132 cula:
560 2083 1074 2155 quemcumque
1138 2064 1518 2144 procellae
1583 2063 2051 2151 retinuerint,
2148 2062 2376 2132 etiam
2431 2062 2498 2132 si

268 2190 487 2236 uuum
533 2187 850 2234 mensem
909 2166 1130 2234 domo
1175 2164 1407 2252 absit,
1475 2187 1716 2259 aegre
1750 2163 1943 2258 sert.
2049 2165 2353 2251 Quodsi,
2422 2174 2499 2234 ut

268 2272 519 2363 vulg-o,
574 2267 798 2366 ἤνπερ
834 2268 1119 2356 scribas,
1172 2270 1356 2338 nullo
1390 2268 1600 2337 modo
1627 2267 1851 2336 addici
1881 2268 2102 2361 potuit
2135 2266 2248 2340 ἄν.
2353 2267 2498 2335 Iam

271 2376 446 2443 enim
477 2396 619 2442 non
649 2394 1121 2462 quaecumque
1152 2373 1336 2441 navis
1378 2371 1500 2440 sed
1527 2373 1643 2440 illa
1673 2372 1955 2464 intelligi
1983 2371 2282 2454 debebit,
2320 2393 2499 2460 quae

267 2478 448 2545 hunc
480 2476 828 2544 hominem
862 2474 1064 2545 vehit.
1168 2477 1323 2545 Alio
1353 2475 1599 2563 modo,
1652 2474 1777 2544 sed
1803 2475 1999 2544 simili
2024 2483 2285 2558 tamen,
2332 2472 2500 2542 illud

270 2589 741 2673 comparatum
771 2586 907 2668 est,
963 2575 1099 2649 od.
1140 2587 1216 2653 θ.
1245 2577 1418 2648 14Ί.
1472 2638 1489 2669 „

371 2714 461 2793 οὐ
487 2718 628 2811 μὲν
657 2711 796 2814 γοῖρ
826 2722 1074 2809 μεῖζον
1107 2716 1302 2797 κλέος
1328 2711 1622 2812 ἄνέρος,
1671 2712 1868 2812 ὄφρα
1902 2741 2023 2788 κεν
2055 2709 2262 2812 ᾖσιν,

369 2821 419 2919 ἢ
450 2817 498 2895 ὅ
527 2848 605 2893 τι
638 2818 898 2894 ποσσίν
923 2845 1007 2892 το
1041 2820 1203 2916 ρ’έξῃ
1231 2817 1350 2891 καὶ
1387 2816 1630 2917 χερσὶν
1665 2818 1885 2917 ἑῇσιν.

269 2975 447 3045 Nam
510 2981 588 3041 ut
603 3023 624 3059 ,
704 2970 1184 3063 quodcumque
1240 2973 1388 3062 quis
1449 2972 1713 3041 roboris
1780 2970 2259 3039 documentum
2322 2968 2502 3053 edat,

267 3077 550 3148 laudem
583 3076 647 3144 ei
678 3074 958 3161 afferat,
1010 3083 1235 3143 tamen
1262 3097 1398 3142 non
1428 3074 1567 3143 hoc
1606 3074 1740 3143 dici
1775 3073 1890 3142 hic
1923 3072 2193 3161 debuit,
2245 3071 2370 3140 sed
2413 3071 2501 3138 il-

272 3181 423 3252 lud:
478 3202 624 3249 non
658 3179 817 3248 ulla
856 3178 1102 3248 maior
1145 3187 1257 3248 est
1300 3177 1610 3248 hominis
1650 3177 1949 3271 gloria,
2003 3197 2226 3268 quam
2270 3196 2362 3243 ex
2393 3195 2501 3261 eo,

274 3284 477 3379 quod
500 3279 816 3376 pedibus
846 3279 1320 3375 manibusque
1363 3279 1713 3380 effecerit.
1820 3279 2182 3351 Caeterum
2218 3277 2272 3345 si
2317 3277 2501 3372 ρέξοι

272 3388 593 3457 hocloco
638 3408 793 3454 cum
825 3386 968 3454 aliis
994 3387 1364 3478 praeferas,
1392 3404 1648 3454 sensus
1684 3384 1844 3471 erit,
1897 3404 2120 3474 quam
2149 3379 2346 3473 quod
2374 3401 2505 3447 ro-

274 3491 451 3562 bore
480 3488 822 3583 corporis
859 3487 1154 3609 efficiet.
1261 3488 1498 3579 ltaque
1530 3496 1843 3556 accurate
1876 3508 1961 3554 ex
1989 3484 2341 3578 epicorum
2378 3503 2508 3552 usu

276 3595 541 3688 scripsit
569 3591 944 3662 Moschus·
926 3614 994 3661 m
1014 3590 1340 3685 Epitaph.
1376 3591 1573 3663 Bion.
1608 3589 1780 3659 109.

378 3745 622 3840 ἄμμες
654 3741 727 3818 δ
756 3751 829 3818 οἱ
854 3738 1162 3839 μεγάλοι
1187 3743 1307 3817 καὶ
1337 3741 1683 3868 καρτεροὶ
1715 3741 1761 3840 ἢ
1795 3768 2011 3838 σοφοι
2041 3736 2321 3833 ἄνδρες,

377 3841 677 3924 dandum
713 3848 958 3944 πρᾶτα
991 3842 1366 3940 θανωμες,
1418 3843 1726 3922 ἄνᾶιιοοι
1764 3850 1842 3920 ἐν
1881 3841 2097 3935 χθονὶ
2130 3841 2339 3935 κοίλᾳ

378 3950 686 4045 εὕδομες
714 3946 797 4026 εὖ
825 3946 1030 4046 μάλα
1056 3977 1342 4048 μακρον
1371 3945 1747 4047 οἷτέρμονα
1780 3941 2131 4045 νήγρετον
2160 3940 2411 4017 ὕπνον.

281 4105 440 4175 Νοιι
484 4104 666 4174 enim
700 4105 1303 4197 quandocumque
1340 4102 1614 4174 mortui
1653 4101 1964 4189 eruntne,
2014 4097 2138 4169 sed
2181 4097 2505 4191 quaudo,

283 4208 511 4278 <licere
535 4207 769 4277 voluit.

486 4312 776 4381 Interest
812 4320 1039 4379 autem
1067 4309 1271 4381 etiam
1298 4309 1558 4400 aliquid
1597 4309 1771 4379 inter
1813 4307 2114 4378 futurum
2152 4311 2221 4372 et
2256 4300 2506 4395 optati-

286 4437 459 4485 vum.
565 4414 746 4485 Vide
771 4414 945 4483 haec
978 4410 1115 4482 Od.
1153 4441 1207 4485 e.
1239 4410 1359 4484 33.

386 4549 552 4628 ἄλλ’
583 4548 707 4648 ὅγ’
741 4550 855 4628 ἐπὶ
884 4548 1156 4649 σχεδίης
1186 4550 1647 4642 πολυδέσμου
1677 4540 1980 4641 πήματα
2014 4535 2351 4631 πάσχων,
