3259 5275
653 410 773 471 DE
815 409 1384 472 HYPERBOLE
1433 410 2097 472 DISSERTATIO.
2362 415 2492 479 285

297 600 813 693 Cantabrigiensi
840 599 1004 669 fasc.
1042 600 1098 673 1.
1123 624 1194 693 p.
1225 595 1346 668 52.
1383 607 1452 668 et
1478 599 1984 669 Vratislaviensi
2013 603 2146 671 vol.
2177 601 2233 676 1.
2258 627 2328 696 p.
2363 602 2484 672 13.

293 697 647 801 ὑπερβολή
679 703 834 777 ἐστὶ
873 698 1138 800 φράσις
1170 700 1669 798 ’ὑπεραίρουσα
1704 696 1839 799 τήν
1870 697 2228 800 ἀλήθειαν
2269 703 2485 804 αὐξή-

293 835 453 889 σεως
479 806 524 902 ἢ
551 800 910 898 μειώσεως
950 800 1186 901 χάριν.
1291 806 1490 890 Quae
1521 806 1614 872 sic
1643 808 1840 874 vertit
1879 807 2367 876 rhetoricorum
2396 810 2485 878 ad

291 911 693 979 Herennium
733 911 1024 1002 scriptor
1066 909 1184 982 1V.
1231 907 1354 982 33.
1403 910 1812 1001 superlatio
1845 920 1956 980 est
1997 912 2240 981 oratio
2272 935 2485 1005 supe-

292 1037 464 1083 rans
495 1012 917 1100 veritatem,
974 1013 1286 1081 alicuius
1315 1014 1648 1105 augendi
1679 1014 2133 1083 minuendive
2184 1037 2486 1099 caussa,-

292 1117 521 1187 Cicero
549 1116 639 1185 de
684 1113 809 1190 Or.
842 1116 962 1189 111.
993 1111 1114 1185 53.
1157 1118 1288 1184 sic:
1336 1117 1669 1209 augendi
1710 1117 2165 1187 minuendive
2211 1142 2487 1188 caussa

288 1220 611 1290 veritatis
636 1219 1042 1313 superlatio
1070 1229 1290 1311 atque
1317 1219 1678 1289 traiectio.
1731 1221 1885 1289 Alia
1912 1221 2156 1290 eodem
2185 1223 2483 1291 redeun-

287 1326 370 1393 tia
392 1323 938 1392 commemoravit
948 1324 1283 1392 Weiskius
1309 1332 1535 1392 noster
1563 1325 1630 1392 in
1659 1323 2114 1394 dissertatione
2145 1327 2366 1418 prima
2396 1327 2484 1396 de

288 1427 662 1520 hyperbole
705 1449 1010 1495 errorum
1060 1428 1128 1494 in
1165 1426 1445 1495 historia
1489 1426 1787 1519 Philippi
1832 1429 2169 1518 Amyntae
2196 1430 2243 1497 f.
2289 1452 2481 1498 com-

286 1533 630 1599 missorum
663 1530 989 1623 genitrice
1016 1524 1086 1624 §.
1118 1529 1187 1598 l.
1289 1530 1385 1597 At
1421 1530 1574 1621 plus
1614 1530 1791 1598 haec
1824 1530 2122 1600 definitio
2168 1534 2479 1622 continet,

287 1657 477 1724 quam
503 1635 682 1703 inest
706 1634 776 1701 in
802 1633 1205 1725 hyperbole.
1298 1634 1477 1700 Nam
1510 1635 1627 1723 qui
1655 1635 1871 1702 minus
1907 1635 2197 1704 veritatis
2227 1646 2328 1703 est
2356 1660 2479 1704 au-

287 1738 480 1830 gendi
521 1736 953 1806 minuendive
993 1759 1227 1804 caussa
1264 1735 1445 1803 facta
1481 1737 1846 1828 superlatio
1867 1787 1887 1823 ,
1942 1760 2174 1828 quum,
2228 1740 2343 1829 qui
2376 1739 2463 1809 de
2480 1742 2532 1810 4

285 1842 542 1934 proeliis
588 1840 925 1927 referunt,
979 1863 1019 1907 a
1060 1840 1356 1907 centenis
1403 1840 1704 1908 millenos
1747 1863 1976 1909 caesos
2010 1864 2157 1930 esse
2184 1842 2434 1911 iactant
2447 1844 2484 1912 ?

285 1944 370 2011 Et
393 1953 624 2013 tamen
657 1966 880 2034 neque
914 1951 1016 2012 est
1042 1943 1449 2035 hyperbole,
1500 1965 1725 2033 neque
1749 1955 2030 2012 vocatur
2060 1968 2102 2011 a
2121 1968 2482 2036 quoquam.

287 2047 460 2133 Quid
491 2057 720 2116 autem
747 2046 1198 2115 adulationem
1230 2045 1449 2113 dicam
1467 2053 1670 2136 atque
1702 2047 2279 2137 obtrectationem,
2306 2073 2482 2139 quae

287 2150 518 2219 eodem
544 2153 621 2220 in
646 2173 901 2242 genere
928 2158 1111 2219 totae
1142 2160 1490 2217 versantur
1505 2149 1541 2217 ἓ
1567 2150 1899 2218 Nimirum
1927 2150 2108 2218 aliud
2141 2163 2243 2220 est
2270 2174 2480 2245 exag-

284 2256 531 2346 geratio
585 2255 1054 2323 extenuatiove
1068 2303 1089 2341 ,
1157 2275 1294 2343 qua
1356 2253 1470 2341 qui
1518 2260 1794 2320 utuntur
1810 2289 1859 2340 ’,
1896 2253 2083 2322 credi
2128 2255 2253 2323 sibi
2291 2255 2479 2344 quod

286 2357 497 2426 dicunt
521 2358 904 2452 postulant3
956 2355 1137 2425 aliud
1162 2355 1580 2447 hyperbole,
1634 2378 1809 2446 quae
1851 2366 1954 2424 est
1983 2357 2197 2425 oratio
2226 2359 2479 2427 verita-

284 2469 410 2530 tem
442 2485 657 2555 supra
689 2483 893 2551 quam
928 2460 1115 2528 credi
1146 2461 1452 2527 volumus
1486 2458 1855 2528 excedens:
1903 2467 1977 2527 ut
2003 2460 2169 2529 illud
2198 2459 2479 2530 Cicero-

284 2565 373 2633 nis
396 2566 463 2633 in
486 2566 795 2634 oratione
825 2587 958 2657 pro
990 2563 1224 2633 Sextio
1254 2586 1312 2632 c.
1333 2558 1459 2635 58.
1485 2562 1916 2633 nominatim
1944 2585 2107 2634 sum
2142 2566 2480 2662 appella-

286 2677 393 2739 tus
414 2670 486 2738 in
515 2670 758 2739 Bruto
774 2693 798 2738 .·

481 2840 761 2911 Mlius
777 2890 798 2928 ,
854 2839 976 2932 qui
1003 2838 1421 2910 libertatem
1453 2838 1727 2911 civibus
1754 2838 2253 2911 stabiliverat.-

282 3010 536 3082 millies
572 3020 1001 3081 revocatum
1046 3017 1175 3080 est.
1228 3010 1563 3079 Intellexit
1601 3011 1739 3079 hoc
1775 3011 2242 3095 Quintilianus,
2294 3011 2481 3080 cuius

282 3136 480 3209 aegre
531 3138 836 3184 caremus
879 3114 1054 3185 libro
1092 3113 1181 3183 de
1225 3115 1472 3183 caussis
1515 3122 1875 3206 corruptae
1914 3114 2371 3204 eloquentiae,
2412 3115 2482 3182 in

283 3240 411 3306 quo
447 3242 520 3288 se
546 3218 733 3286 hunc
769 3219 997 3286 locum
1023 3218 1287 3310 plenius
1316 3218 1702 3286 tractavisse
1732 3216 1855 3285 ait:
1905 3216 2029 3285 sed
2074 3218 2128 3285 is
2157 3224 2383 3285 tamen
2413 3217 2483 3285 in

282 3319 429 3395 lust.
466 3344 564 3390 or.
597 3321 780 3393 Vlll.
809 3318 882 3411 6,
915 3314 1037 3389 74.
1090 3321 1184 3389 ita
1212 3321 1509 3412 scripsit:
1561 3341 1857 3389 monere
1884 3320 2069 3389 satis
2099 3328 2232 3411 est,
2282 3342 2481 3388 men-

286 3423 406 3492 tiri
452 3422 942 3520 hyperbolen,
992 3445 1128 3494 nec
1174 3424 1322 3512 ita,
1374 3432 1456 3492 ut
1518 3423 1905 3493 mendacio
1938 3422 2233 3517 fallere
2283 3424 2482 3498 velit.

282 3526 510 3618 Itaque
559 3529 691 3622 ipsi
730 3522 804 3623 §.
851 3525 975 3601 67.
1021 3527 1408 3620 hyperbole
1455 3538 1558 3595 est
1599 3526 1987 3597 mentiens
2027 3526 2480 3621 superiectio.

281 3630 370 3699 At
399 3654 485 3700 ne
512 3631 691 3700 haec
721 3630 995 3720 quidem
1023 3632 1194 3700 iusta
1218 3630 1430 3699 finitio
1462 3640 1584 3703 est.
1689 3632 2056 3700 Praeterea
2082 3631 2334 3699 fallitur
2368 3630 2482 3699 hic

283 3755 585 3825 quoque,
634 3733 1000 3803 minuendo
1042 3733 1357 3803 inservire
1397 3742 1644 3824 putans
1670 3734 2121 3826 hyperbolen.
2225 3734 2306 3802 Id
2349 3736 2482 3803 mi-

281 3858 479 3906 nuere
517 3836 686 3906 nihil
735 3846 837 3907 est
881 3837 1064 3905 aliud
1097 3860 1299 3927 quam
1339 3859 1592 3930 augere
1635 3838 2095 3931 exiguitatem,
2163 3848 2237 3905 ut
2293 3837 2481 3928 quod

280 3936 624 4034 Longinus
663 3963 813 4034 cap.
853 3939 977 4009 38.
1010 3940 1209 4009 affert
1224 3988 1246 4024 ,
1299 3941 1595 4033 agellum
1626 3962 1669 4007 a
1697 3941 1961 4009 comico
1996 3941 2295 4030 quodam
2319 3942 2482 4010 bre-

281 4043 531 4112 viorem
586 4043 841 4113 dictum
883 4052 1033 4115 ess‘e
1075 4044 1363 4137 epistola
1402 4044 1778 4113 Laconica:
1831 4052 1948 4112 aut
1993 4044 2182 4134 quod
2230 4045 2345 4114 ille
2391 4044 2483 4113 de

281 4148 484 4240 tropis
536 4148 829 4240 scriptor
854 4170 940 4218 ex
969 4146 1253 4241 Diphilo
1293 4146 1382 4216 de
1407 4148 1685 4216 muliere
1709 4171 1956 4240 parum
1981 4148 2311 4218 formosa:

609 4316 696 4415 ἢν
727 4314 770 4391 ὁ
799 4310 1039 4415 warvio
1072 4316 1402 4416 ἐφίλησεν
1434 4310 1935 4402 οὐδεπώποτε,

483 4416 668 4516 παρ’
696 4417 776 4517 ἧς
806 4414 938 4494 τᾶν
967 4419 1198 4517 ἄρτον
1226 4417 1272 4515 ἦ
1304 4415 1493 4496 κύων
1521 4416 1611 4496 οὐ
1645 4412 2051 4515 λαμβάνει,
