<?xml version="1.0" encoding="UTF-8"?>
<!DOCTYPE html PUBLIC "-//W3C//DTD XHTML 1.0 Transitional//EN"
    "http://www.w3.org/TR/xhtml1/DTD/xhtml1-transitional.dtd">
<html xmlns="http://www.w3.org/1999/xhtml" xml:lang="en" lang="en">
 <head>
  <title>
</title>
<meta http-equiv="Content-Type" content="text/html;charset=utf-8" />
  <meta name='ocr-system' content='tesseract 3.04.00' />
  <meta name='ocr-capabilities' content='ocr_page ocr_carea ocr_par ocr_line ocrx_word'/>
</head>
<body>
  <div class='ocr_page' id='page_1' title='image "./godofrediherman03fritgoog_0146.png"; bbox 0 0 3259 5275; ppageno 0'>
   <div class='ocr_carea' id='block_1_1' title="bbox 729 397 2294 477">
    <p class='ocr_par' dir='ltr' id='par_1_1' title="bbox 729 397 2294 477">
     <span class='ocr_line' id='line_1_1' title="bbox 729 397 2294 477; baseline -0.005 -1"><span class='ocrx_word' id='word_1_1' title='bbox 729 411 857 477; x_wconf 74' lang='lat'><strong>182</strong></span> <span class='ocrx_word' id='word_1_2' title='bbox 1434 403 1548 465; x_wconf 76' lang='lat' dir='ltr'><strong>DE</strong></span> <span class='ocrx_word' id='word_1_3' title='bbox 1603 400 2154 466; x_wconf 76' lang='lat' dir='ltr'><strong>PARTICVLA</strong></span> <span class='ocrx_word' id='word_1_4' title='bbox 2198 397 2294 468; x_wconf 70' lang='grc' dir='ltr'><strong>ἄν</strong></span> 
     </span>
    </p>
   </div>
   <div class='ocr_carea' id='block_1_2' title="bbox 727 590 3057 1303">
    <p class='ocr_par' dir='ltr' id='par_1_2' title="bbox 727 590 3057 1303">
     <span class='ocr_line' id='line_1_2' title="bbox 730 590 2961 699; baseline -0.003 -33"><span class='ocrx_word' id='word_1_5' title='bbox 730 597 1025 699; x_wconf 64' lang='grc' dir='ltr'><strong>Ιειῐὶινιιιιι2</strong></span> <span class='ocrx_word' id='word_1_6' title='bbox 1078 593 1188 664; x_wconf 86' lang='lat' dir='ltr'><strong>oui</strong></span> <span class='ocrx_word' id='word_1_7' title='bbox 1216 590 1328 675; x_wconf 70' lang='grc' dir='ltr'><strong>τίς</strong></span> <span class='ocrx_word' id='word_1_8' title='bbox 1357 593 1751 688; x_wconf 79' lang='lat' dir='ltr'><strong>respondet,</strong></span> <span class='ocrx_word' id='word_1_9' title='bbox 1792 616 1942 663; x_wconf 86' lang='lat' dir='ltr'><strong>esse</strong></span> <span class='ocrx_word' id='word_1_10' title='bbox 1976 590 2424 662; x_wconf 84' lang='lat' dir='ltr'><strong>referendam.</strong></span> <span class='ocrx_word' id='word_1_11' title='bbox 2527 591 2637 662; x_wconf 82' lang='lat' dir='ltr'><strong>Ex</strong></span> <span class='ocrx_word' id='word_1_12' title='bbox 2667 613 2753 660; x_wconf 89' lang='lat' dir='ltr'><strong>eo</strong></span> <span class='ocrx_word' id='word_1_13' title='bbox 2784 590 2961 660; x_wconf 89' lang='lat' dir='ltr'><strong>enim</strong></span> 
     </span>
     <span class='ocr_line' id='line_1_3' title="bbox 727 694 2964 795; baseline -0.003 -25"><span class='ocrx_word' id='word_1_14' title='bbox 727 700 1127 795; x_wconf 76' lang='lat' dir='ltr'><strong>pronomine</strong></span> <span class='ocrx_word' id='word_1_15' title='bbox 1159 696 1530 766; x_wconf 85' lang='lat' dir='ltr'><strong>derivatum</strong></span> <span class='ocrx_word' id='word_1_16' title='bbox 1562 697 2027 766; x_wconf 80' lang='lat' dir='ltr'><strong>adverbium‘&#39;</strong></span> <span class='ocrx_word' id='word_1_17' title='bbox 1987 724 2141 775; x_wconf 77' lang='grc' dir='ltr'><strong>ινα,</strong></span> <span class='ocrx_word' id='word_1_18' title='bbox 2183 694 2306 765; x_wconf 71' lang='lat' dir='ltr'><strong>ube·</strong></span> <span class='ocrx_word' id='word_1_19' title='bbox 2330 696 2732 790; x_wconf 82' lang='lat' dir='ltr'><strong>significans.</strong></span> <span class='ocrx_word' id='word_1_20' title='bbox 2784 695 2964 763; x_wconf 85' lang='lat' dir='ltr'><strong>Nam</strong></span> 
     </span>
     <span class='ocr_line' id='line_1_4' title="bbox 728 797 2961 928; baseline -0.004 -55"><span class='ocrx_word' id='word_1_21' title='bbox 728 803 1010 873; x_wconf 85' lang='lat' dir='ltr'><strong>Porsoni</strong></span> <span class='ocrx_word' id='word_1_22' title='bbox 1054 801 1441 870; x_wconf 84' lang='lat' dir='ltr'><strong>coniectura</strong></span> <span class='ocrx_word' id='word_1_23' title='bbox 1457 853 1486 928; x_wconf 78' lang='lat'><strong>⁹,</strong></span> <span class='ocrx_word' id='word_1_24' title='bbox 1533 802 1603 868; x_wconf 91' lang='lat' dir='ltr'><strong>in</strong></span> <span class='ocrx_word' id='word_1_25' title='bbox 1631 799 2088 869; x_wconf 81' lang='lat' dir='ltr'><strong>Miscellaneis</strong></span> <span class='ocrx_word' id='word_1_26' title='bbox 2132 800 2273 869; x_wconf 87' lang='lat' dir='ltr'><strong>eius</strong></span> <span class='ocrx_word' id='word_1_27' title='bbox 2307 823 2348 866; x_wconf 89' lang='lat' dir='ltr'><strong>a</strong></span> <span class='ocrx_word' id='word_1_28' title='bbox 2374 798 2633 868; x_wconf 85' lang='lat' dir='ltr'><strong>Kiddio</strong></span> <span class='ocrx_word' id='word_1_29' title='bbox 2671 823 2743 891; x_wconf 90' lang='lat' dir='ltr'><strong>p.</strong></span> <span class='ocrx_word' id='word_1_30' title='bbox 2790 797 2961 867; x_wconf 77' lang='lat'><strong>3⁰2.</strong></span> 
     </span>
     <span class='ocr_line' id='line_1_5' title="bbox 731 898 3057 1000; baseline -0.002 -25"><span class='ocrx_word' id='word_1_31' title='bbox 731 907 1034 1000; x_wconf 80' lang='lat' dir='ltr'><strong>prodita,</strong></span> <span class='ocrx_word' id='word_1_32' title='bbox 1087 911 1210 977; x_wconf 81' lang='grc' dir='ltr'><strong>ἵνα</strong></span> <span class='ocrx_word' id='word_1_33' title='bbox 1253 927 1405 973; x_wconf 84' lang='lat' dir='ltr'><strong>esse</strong></span> <span class='ocrx_word' id='word_1_34' title='bbox 1451 908 1521 977; x_wconf 83' lang='grc' dir='ltr'><strong>ἰν</strong></span> <span class='ocrx_word' id='word_1_35' title='bbox 1560 901 1651 998; x_wconf 80' lang='grc' dir='ltr'><strong>ᾇ,</strong></span> <span class='ocrx_word' id='word_1_36' title='bbox 1701 905 1747 972; x_wconf 90' lang='lat' dir='ltr'><strong>i.</strong></span> <span class='ocrx_word' id='word_1_37' title='bbox 1790 929 1850 974; x_wconf 90' lang='lat' dir='ltr'><strong>e.</strong></span> <span class='ocrx_word' id='word_1_38' title='bbox 1883 908 1960 978; x_wconf 80' lang='grc' dir='ltr'><strong>ἐν</strong></span> <span class='ocrx_word' id='word_1_39' title='bbox 1989 898 2083 998; x_wconf 81' lang='grc' dir='ltr'><strong>ᾇ,</strong></span> <span class='ocrx_word' id='word_1_40' title='bbox 2133 904 2381 973; x_wconf 84' lang='lat' dir='ltr'><strong>rectius</strong></span> <span class='ocrx_word' id='word_1_41' title='bbox 2424 903 2744 971; x_wconf 83' lang='lat' dir='ltr'><strong>oblivioni</strong></span> <span class='ocrx_word' id='word_1_42' title='bbox 2788 910 2968 971; x_wconf 83' lang='lat' dir='ltr'><strong>esset</strong></span> <span class='ocrx_word' id='word_1_43' title='bbox 3025 918 3057 942; x_wconf 75' lang='grc'><strong>’·</strong></span> 
     </span>
     <span class='ocr_line' id='line_1_6' title="bbox 731 1004 2964 1096; baseline -0.003 -18"><span class='ocrx_word' id='word_1_44' title='bbox 731 1009 997 1081; x_wconf 83' lang='lat' dir='ltr'><strong>tradita.</strong></span> <span class='ocrx_word' id='word_1_45' title='bbox 1099 1007 1227 1075; x_wconf 78' lang='lat' dir='ltr'><strong>Est</strong></span> <span class='ocrx_word' id='word_1_46' title='bbox 1262 1017 1489 1076; x_wconf 87' lang='lat' dir='ltr'><strong>autem</strong></span> <span class='ocrx_word' id='word_1_47' title='bbox 1521 1013 1642 1079; x_wconf 83' lang='grc' dir='ltr'><strong>ἵνα</strong></span> <span class='ocrx_word' id='word_1_48' title='bbox 1676 1006 2142 1075; x_wconf 79' lang='lat' dir='ltr'><strong>tantummodo</strong></span> <span class='ocrx_word' id='word_1_49' title='bbox 2176 1007 2552 1092; x_wconf 83' lang='lat' dir='ltr'><strong>relativum,</strong></span> <span class='ocrx_word' id='word_1_50' title='bbox 2603 1028 2831 1096; x_wconf 87' lang='lat' dir='ltr'><strong>neque</strong></span> <span class='ocrx_word' id='word_1_51' title='bbox 2858 1004 2964 1073; x_wconf 89' lang='lat' dir='ltr'><strong>in-</strong></span> 
     </span>
     <span class='ocr_line' id='line_1_7' title="bbox 730 1108 2967 1205; baseline -0.003 -23"><span class='ocrx_word' id='word_1_52' title='bbox 730 1110 1171 1205; x_wconf 85' lang='lat' dir='ltr'><strong>terrogationi</strong></span> <span class='ocrx_word' id='word_1_53' title='bbox 1199 1132 1335 1178; x_wconf 89' lang='lat' dir='ltr'><strong>uon</strong></span> <span class='ocrx_word' id='word_1_54' title='bbox 1370 1110 1689 1200; x_wconf 83' lang='lat' dir='ltr'><strong>obliquae</strong></span> <span class='ocrx_word' id='word_1_55' title='bbox 1721 1110 2032 1179; x_wconf 82' lang='lat' dir='ltr'>adhiberi</span> <span class='ocrx_word' id='word_1_56' title='bbox 2057 1120 2323 1202; x_wconf 66' lang='lat' dir='ltr'><strong>potesta</strong></span> <span class='ocrx_word' id='word_1_57' title='bbox 2376 1108 2565 1201; x_wconf 87' lang='lat' dir='ltr'><strong>quod</strong></span> <span class='ocrx_word' id='word_1_58' title='bbox 2592 1118 2780 1178; x_wconf 87' lang='lat' dir='ltr'><strong>recte</strong></span> <span class='ocrx_word' id='word_1_59' title='bbox 2812 1131 2967 1177; x_wconf 88' lang='lat' dir='ltr'><strong>mo-</strong></span> 
     </span>
     <span class='ocr_line' id='line_1_8' title="bbox 732 1209 2966 1303; baseline -0.002 -18"><span class='ocrx_word' id='word_1_60' title='bbox 732 1217 875 1284; x_wconf 89' lang='lat' dir='ltr'><strong>nuit</strong></span> <span class='ocrx_word' id='word_1_61' title='bbox 911 1213 1270 1282; x_wconf 87' lang='lat' dir='ltr'><strong>Elmsleius</strong></span> <span class='ocrx_word' id='word_1_62' title='bbox 1300 1213 1391 1282; x_wconf 88' lang='lat' dir='ltr'><strong>ad</strong></span> <span class='ocrx_word' id='word_1_63' title='bbox 1429 1212 1608 1283; x_wconf 90' lang='lat' dir='ltr'><strong>Oed.</strong></span> <span class='ocrx_word' id='word_1_64' title='bbox 1653 1214 1741 1284; x_wconf 84' lang='lat' dir='ltr'><strong>R.</strong></span> <span class='ocrx_word' id='word_1_65' title='bbox 1773 1209 1997 1282; x_wconf 84' lang='lat'>1515.</span> <span class='ocrx_word' id='word_1_66' title='bbox 2103 1215 2283 1282; x_wconf 88' lang='lat' dir='ltr'><strong>Nam</strong></span> <span class='ocrx_word' id='word_1_67' title='bbox 2314 1214 2380 1282; x_wconf 88' lang='lat' dir='ltr'><strong>in</strong></span> <span class='ocrx_word' id='word_1_68' title='bbox 2410 1237 2493 1283; x_wconf 91' lang='lat' dir='ltr'><strong>ea</strong></span> <span class='ocrx_word' id='word_1_69' title='bbox 2518 1213 2753 1281; x_wconf 85' lang='lat' dir='ltr'><strong>fabula</strong></span> <span class='ocrx_word' id='word_1_70' title='bbox 2779 1211 2966 1303; x_wconf 90' lang='lat' dir='ltr'><strong>quod</strong></span> 
     </span>
    </p>
   </div>
   <div class='ocr_carea' id='block_1_3' title="bbox 731 1316 1315 1412">
    <p class='ocr_par' dir='ltr' id='par_1_3' title="bbox 731 1316 1315 1412">
     <span class='ocr_line' id='line_1_9' title="bbox 731 1316 1315 1412; baseline -0.009 -23"><span class='ocrx_word' id='word_1_71' title='bbox 731 1343 798 1393; x_wconf 78' lang='lat' dir='ltr'><strong>v.</strong></span> <span class='ocrx_word' id='word_1_72' title='bbox 827 1316 1000 1388; x_wconf 78' lang='lat'><strong>946.</strong></span> <span class='ocrx_word' id='word_1_73' title='bbox 1032 1316 1315 1412; x_wconf 85' lang='lat' dir='ltr'><strong>legitur,</strong></span> 
     </span>
    </p>
   </div>
   <div class='ocr_carea' id='block_1_4' title="bbox 732 1459 2967 1821">
    <p class='ocr_par' dir='ltr' id='par_1_4' title="bbox 732 1459 2967 1821">
     <span class='ocr_line' id='line_1_10' title="bbox 1990 1459 2836 1564; baseline -0.002 -21"><span class='ocrx_word' id='word_1_74' title='bbox 1990 1462 2050 1543; x_wconf 71' lang='grc' dir='ltr'><em>ὦ</em></span> <span class='ocrx_word' id='word_1_75' title='bbox 2082 1466 2280 1544; x_wconf 71' lang='grc' dir='ltr'><strong>θεῶν</strong></span> <span class='ocrx_word' id='word_1_76' title='bbox 2304 1459 2794 1564; x_wconf 75' lang='grc' dir='ltr'><strong><em>μαντεύματα</em></strong></span> <span class='ocrx_word' id='word_1_77' title='bbox 2813 1519 2836 1557; x_wconf 89' lang='grc'><em>,</em></span> 
     </span>
     <span class='ocr_line' id='line_1_11' title="bbox 937 1566 1282 1659; baseline -0.003 -15"><span class='ocrx_word' id='word_1_78' title='bbox 937 1578 1007 1645; x_wconf 82' lang='grc' dir='ltr'><strong>ἴν</strong></span> <span class='ocrx_word' id='word_1_79' title='bbox 1024 1566 1042 1590; x_wconf 82' lang='grc'><strong><em>’</em></strong></span> <span class='ocrx_word' id='word_1_80' title='bbox 1083 1571 1282 1659; x_wconf 76' lang='grc' dir='ltr'><strong><em>ἐστέ,</em></strong></span> 
     </span>
     <span class='ocr_line' id='line_1_12' title="bbox 732 1719 2967 1821; baseline 0 -27"><span class='ocrx_word' id='word_1_81' title='bbox 732 1736 997 1821; x_wconf 85' lang='lat' dir='ltr'><strong>nonest</strong></span> <span class='ocrx_word' id='word_1_82' title='bbox 1023 1723 1492 1818; x_wconf 82' lang='lat' dir='ltr'><strong>interrogantis</strong></span> <span class='ocrx_word' id='word_1_83' title='bbox 1506 1771 1534 1808; x_wconf 74' lang='lat'>‚</span> <span class='ocrx_word' id='word_1_84' title='bbox 1582 1721 1708 1793; x_wconf 91' lang='lat' dir='ltr'><strong>sed</strong></span> <span class='ocrx_word' id='word_1_85' title='bbox 1737 1719 2015 1813; x_wconf 85' lang='lat' dir='ltr'><strong>oblique</strong></span> <span class='ocrx_word' id='word_1_86' title='bbox 2043 1724 2472 1793; x_wconf 84' lang='lat' dir='ltr'><strong>exclamantis</strong></span> <span class='ocrx_word' id='word_1_87' title='bbox 2488 1774 2509 1811; x_wconf 90' lang='lat'>‚</span> <span class='ocrx_word' id='word_1_88' title='bbox 2562 1723 2758 1792; x_wconf 84' lang='lat' dir='ltr'><strong>sicuti</strong></span> <span class='ocrx_word' id='word_1_89' title='bbox 2785 1724 2854 1792; x_wconf 89' lang='lat' dir='ltr'><strong>in</strong></span> <span class='ocrx_word' id='word_1_90' title='bbox 2880 1747 2967 1794; x_wconf 87' lang='lat' dir='ltr'><strong>eo</strong></span> 
     </span>
    </p>
   </div>
   <div class='ocr_carea' id='block_1_5' title="bbox 730 1824 2964 1922">
    <p class='ocr_par' dir='ltr' id='par_1_5' title="bbox 730 1824 2964 1922">
     <span class='ocr_line' id='line_1_13' title="bbox 730 1824 2964 1922; baseline 0 -25"><span class='ocrx_word' id='word_1_91' title='bbox 730 1852 986 1922; x_wconf 82' lang='lat' dir='ltr'><strong>genere</strong></span> <span class='ocrx_word' id='word_1_92' title='bbox 1044 1825 1135 1907; x_wconf 79' lang='grc' dir='ltr'><strong>ὥς</strong></span> <span class='ocrx_word' id='word_1_93' title='bbox 1147 1881 1176 1915; x_wconf 83' lang='grc'>,</span> <span class='ocrx_word' id='word_1_94' title='bbox 1252 1850 1391 1896; x_wconf 88' lang='lat' dir='ltr'><strong>nou</strong></span> <span class='ocrx_word' id='word_1_95' title='bbox 1444 1825 1590 1908; x_wconf 72' lang='lat' dir='ltr'><strong>unic</strong></span> <span class='ocrx_word' id='word_1_96' title='bbox 1650 1824 1910 1893; x_wconf 87' lang='lat' dir='ltr'><strong>dicitur.</strong></span> <span class='ocrx_word' id='word_1_97' title='bbox 2014 1827 2253 1919; x_wconf 84' lang='lat' dir='ltr'><strong>ltaque</strong></span> <span class='ocrx_word' id='word_1_98' title='bbox 2308 1836 2494 1896; x_wconf 86' lang='lat' dir='ltr'><strong>recte</strong></span> <span class='ocrx_word' id='word_1_99' title='bbox 2554 1827 2964 1918; x_wconf 74' lang='lat' dir='ltr'><strong>scholiastes,</strong></span> 
     </span>
    </p>
   </div>
   <div class='ocr_carea' id='block_1_6' title="bbox 736 1930 2965 2124">
    <p class='ocr_par' dir='ltr' id='par_1_6' title="bbox 736 1930 2965 2124">
     <span class='ocr_line' id='line_1_14' title="bbox 736 1930 2965 2124; baseline -0.001 -21"><span class='ocrx_word' id='word_1_100' title='bbox 736 1930 1359 2103; x_wconf 54' lang='lat' dir='ltr'><strong>onovgzigtruitur</strong></span> <span class='ocrx_word' id='word_1_101' title='bbox 1409 2039 1637 2100; x_wconf 86' lang='lat' dir='ltr'><strong>autem</strong></span> <span class='ocrx_word' id='word_1_102' title='bbox 1678 2035 1799 2103; x_wconf 83' lang='grc' dir='ltr'><strong>ἵνα</strong></span> <span class='ocrx_word' id='word_1_103' title='bbox 1841 2027 1965 2099; x_wconf 77' lang='lat' dir='ltr'><strong>ubi</strong></span> <span class='ocrx_word' id='word_1_104' title='bbox 2004 2031 2384 2124; x_wconf 83' lang='lat' dir='ltr'><strong>significans</strong></span> <span class='ocrx_word' id='word_1_105' title='bbox 2400 2079 2422 2116; x_wconf 87' lang='lat'><strong>‚</strong></span> <span class='ocrx_word' id='word_1_106' title='bbox 2487 2039 2564 2098; x_wconf 90' lang='lat' dir='ltr'><strong>ut</strong></span> <span class='ocrx_word' id='word_1_107' title='bbox 2606 2040 2965 2101; x_wconf 84' lang='lat' dir='ltr'><strong>consenta-</strong></span> 
     </span>
    </p>
   </div>
   <div class='ocr_carea' id='block_1_7' title="bbox 731 2134 3003 2537">
    <p class='ocr_par' dir='ltr' id='par_1_7' title="bbox 731 2134 3003 2537">
     <span class='ocr_line' id='line_1_15' title="bbox 732 2134 3003 2226; baseline -0.001 -20"><span class='ocrx_word' id='word_1_108' title='bbox 732 2159 935 2207; x_wconf 89' lang='lat' dir='ltr'><strong>neum</strong></span> <span class='ocrx_word' id='word_1_109' title='bbox 963 2145 1108 2221; x_wconf 86' lang='lat' dir='ltr'><strong>est,</strong></span> <span class='ocrx_word' id='word_1_110' title='bbox 1161 2158 1318 2204; x_wconf 87' lang='lat' dir='ltr'><strong>eum</strong></span> <span class='ocrx_word' id='word_1_111' title='bbox 1343 2134 1711 2204; x_wconf 84' lang='lat' dir='ltr'><strong>indicativis</strong></span> <span class='ocrx_word' id='word_1_112' title='bbox 1741 2134 2040 2203; x_wconf 89' lang='lat' dir='ltr'><strong>omnium</strong></span> <span class='ocrx_word' id='word_1_113' title='bbox 2081 2144 2505 2226; x_wconf 88' lang='lat' dir='ltr'><strong>temporum,</strong></span> <span class='ocrx_word' id='word_1_114' title='bbox 2556 2158 2778 2225; x_wconf 89' lang='lat' dir='ltr'><strong>neque</strong></span> <span class='ocrx_word' id='word_1_115' title='bbox 2812 2143 2963 2204; x_wconf 87' lang='lat' dir='ltr'><strong>tan-</strong></span> <span class='ocrx_word' id='word_1_116' title='bbox 2998 2210 3003 2213; x_wconf 60' lang='grc'><em>,</em></span> 
     </span>
     <span class='ocr_line' id='line_1_16' title="bbox 731 2236 2960 2332; baseline -0.002 -22"><span class='ocrx_word' id='word_1_117' title='bbox 731 2250 874 2311; x_wconf 88' lang='lat' dir='ltr'><strong>tum</strong></span> <span class='ocrx_word' id='word_1_118' title='bbox 900 2238 1088 2332; x_wconf 87' lang='lat' dir='ltr'><strong>apud</strong></span> <span class='ocrx_word' id='word_1_119' title='bbox 1114 2247 1378 2332; x_wconf 75' lang='lat' dir='ltr'><strong>poeta3‚</strong></span> <span class='ocrx_word' id='word_1_120' title='bbox 1430 2237 1556 2307; x_wconf 84' lang='lat' dir='ltr'><strong>sed</strong></span> <span class='ocrx_word' id='word_1_121' title='bbox 1588 2238 1789 2305; x_wconf 88' lang='lat' dir='ltr'><strong>etiam</strong></span> <span class='ocrx_word' id='word_1_122' title='bbox 1807 2236 1994 2329; x_wconf 90' lang='lat' dir='ltr'><strong>apud</strong></span> <span class='ocrx_word' id='word_1_123' title='bbox 2023 2239 2392 2331; x_wconf 82' lang='lat' dir='ltr'><strong>scriptores</strong></span> <span class='ocrx_word' id='word_1_124' title='bbox 2419 2259 2669 2327; x_wconf 84' lang='lat' dir='ltr'><strong>prosae</strong></span> <span class='ocrx_word' id='word_1_125' title='bbox 2700 2239 2960 2307; x_wconf 88' lang='lat' dir='ltr'><strong>oratio-</strong></span> 
     </span>
     <span class='ocr_line' id='line_1_17' title="bbox 732 2340 2964 2434; baseline -0 -22"><span class='ocrx_word' id='word_1_126' title='bbox 732 2344 852 2416; x_wconf 78' lang='lat' dir='ltr'><strong>nis,</strong></span> <span class='ocrx_word' id='word_1_127' title='bbox 959 2342 1105 2412; x_wconf 88' lang='lat' dir='ltr'><strong>Sed</strong></span> <span class='ocrx_word' id='word_1_128' title='bbox 1133 2343 1248 2410; x_wconf 89' lang='lat' dir='ltr'><strong>illa</strong></span> <span class='ocrx_word' id='word_1_129' title='bbox 1273 2340 1407 2409; x_wconf 88' lang='lat' dir='ltr'><strong>loci</strong></span> <span class='ocrx_word' id='word_1_130' title='bbox 1438 2340 1840 2434; x_wconf 80' lang='lat' dir='ltr'><strong>significatio</strong></span> <span class='ocrx_word' id='word_1_131' title='bbox 1881 2348 1985 2410; x_wconf 88' lang='lat' dir='ltr'><strong>est</strong></span> <span class='ocrx_word' id='word_1_132' title='bbox 2020 2342 2139 2410; x_wconf 89' lang='lat' dir='ltr'><strong>ubi</strong></span> <span class='ocrx_word' id='word_1_133' title='bbox 2162 2343 2354 2411; x_wconf 86' lang='lat' dir='ltr'><strong>latius</strong></span> <span class='ocrx_word' id='word_1_134' title='bbox 2386 2349 2653 2431; x_wconf 79' lang='lat' dir='ltr'><strong>pateat,</strong></span> <span class='ocrx_word' id='word_1_135' title='bbox 2704 2343 2964 2411; x_wconf 88' lang='lat' dir='ltr'><strong>minus-</strong></span> 
     </span>
     <span class='ocr_line' id='line_1_18' title="bbox 734 2441 1982 2537; baseline -0.004 -21"><span class='ocrx_word' id='word_1_136' title='bbox 734 2470 871 2537; x_wconf 88' lang='lat' dir='ltr'><strong>que</strong></span> <span class='ocrx_word' id='word_1_137' title='bbox 900 2444 1180 2514; x_wconf 88' lang='lat' dir='ltr'><strong>definita</strong></span> <span class='ocrx_word' id='word_1_138' title='bbox 1206 2445 1325 2532; x_wconf 84' lang='lat' dir='ltr'><strong>sit,</strong></span> <span class='ocrx_word' id='word_1_139' title='bbox 1376 2452 1451 2511; x_wconf 88' lang='lat' dir='ltr'><strong>ut</strong></span> <span class='ocrx_word' id='word_1_140' title='bbox 1486 2441 1742 2533; x_wconf 50' lang='lat' dir='ltr'><strong>Odys&amp;</strong></span> <span class='ocrx_word' id='word_1_141' title='bbox 1769 2451 1821 2529; x_wconf 82' lang='grc' dir='ltr'><strong>ζ.</strong></span> <span class='ocrx_word' id='word_1_142' title='bbox 1857 2441 1982 2512; x_wconf 75' lang='grc' dir='ltr'><strong>ΖΊ.</strong></span> 
     </span>
    </p>
   </div>
   <div class='ocr_carea' id='block_1_8' title="bbox 834 2588 2876 2801">
    <p class='ocr_par' dir='ltr' id='par_1_8' title="bbox 834 2588 2876 2801">
     <span class='ocr_line' id='line_1_19' title="bbox 837 2588 2876 2695; baseline 0.001 -27"><span class='ocrx_word' id='word_1_143' title='bbox 837 2595 952 2669; x_wconf 84' lang='grc' dir='ltr'><strong>σοὶ</strong></span> <span class='ocrx_word' id='word_1_144' title='bbox 987 2595 1064 2670; x_wconf 72' lang='grc' dir='ltr'><strong>δὲ</strong></span> <span class='ocrx_word' id='word_1_145' title='bbox 1092 2590 1325 2690; x_wconf 72' lang='grc' dir='ltr'><em>γάμος</em></span> <span class='ocrx_word' id='word_1_146' title='bbox 1354 2588 1672 2687; x_wconf 70' lang='lat' dir='ltr'><strong>oxedo&#39;v’</strong></span> <span class='ocrx_word' id='word_1_147' title='bbox 1638 2624 1879 2688; x_wconf 80' lang='grc' dir='ltr'><strong>εστιν,</strong></span> <span class='ocrx_word' id='word_1_148' title='bbox 1935 2604 2055 2673; x_wconf 85' lang='grc' dir='ltr'><strong>ἵνα</strong></span> <span class='ocrx_word' id='word_1_149' title='bbox 2085 2589 2222 2695; x_wconf 73' lang='grc' dir='ltr'><strong>χρῆ</strong></span> <span class='ocrx_word' id='word_1_150' title='bbox 2258 2588 2446 2671; x_wconf 81' lang='grc' dir='ltr'><strong><em>καλα</em></strong></span> <span class='ocrx_word' id='word_1_151' title='bbox 2469 2594 2608 2690; x_wconf 76' lang='grc' dir='ltr'><strong>μὲν</strong></span> <span class='ocrx_word' id='word_1_152' title='bbox 2640 2588 2876 2695; x_wconf 78' lang='grc' dir='ltr'><strong><em>αὐτην</em></strong></span> 
     </span>
     <span class='ocr_line' id='line_1_20' title="bbox 834 2696 2860 2801; baseline 0 -28"><span class='ocrx_word' id='word_1_153' title='bbox 834 2704 1217 2778; x_wconf 75' lang='grc' dir='ltr'><strong>ἕννυσθαι,</strong></span> <span class='ocrx_word' id='word_1_154' title='bbox 1267 2728 1365 2773; x_wconf 91' lang='grc' dir='ltr'><strong>τα</strong></span> <span class='ocrx_word' id='word_1_155' title='bbox 1399 2700 1476 2772; x_wconf 75' lang='grc' dir='ltr'><strong>δὲ</strong></span> <span class='ocrx_word' id='word_1_156' title='bbox 1504 2706 1702 2774; x_wconf 80' lang='grc' dir='ltr'><strong><em>τοῖσι</em></strong></span> <span class='ocrx_word' id='word_1_157' title='bbox 1729 2708 2160 2801; x_wconf 74' lang='grc' dir='ltr'><strong><em>παρασχεῖν,</em></strong></span> <span class='ocrx_word' id='word_1_158' title='bbox 2216 2726 2287 2772; x_wconf 87' lang='grc' dir='ltr'><strong>οι</strong></span> <span class='ocrx_word' id='word_1_159' title='bbox 2267 2699 2403 2774; x_wconf 77' lang='lat' dir='ltr'><strong>‘&#39;xe&#39;</strong></span> <span class='ocrx_word' id='word_1_160' title='bbox 2426 2725 2470 2772; x_wconf 86' lang='grc' dir='ltr'>σ</span> <span class='ocrx_word' id='word_1_161' title='bbox 2513 2696 2860 2793; x_wconf 75' lang='grc' dir='ltr'><strong>ἄγωνται.</strong></span> 
     </span>
    </p>
   </div>
   <div class='ocr_carea' id='block_1_9' title="bbox 724 2851 2962 4051">
    <p class='ocr_par' dir='ltr' id='par_1_9' title="bbox 731 2851 2962 2947">
     <span class='ocr_line' id='line_1_21' title="bbox 731 2851 2962 2947; baseline 0.001 -26"><span class='ocrx_word' id='word_1_162' title='bbox 731 2852 866 2921; x_wconf 84' lang='lat' dir='ltr'><strong>Hic</strong></span> <span class='ocrx_word' id='word_1_163' title='bbox 897 2851 1174 2944; x_wconf 88' lang='lat' dir='ltr'><strong>quidem</strong></span> <span class='ocrx_word' id='word_1_164' title='bbox 1217 2862 1399 2922; x_wconf 89' lang='lat' dir='ltr'><strong>certe</strong></span> <span class='ocrx_word' id='word_1_165' title='bbox 1443 2853 1535 2921; x_wconf 87' lang='lat' dir='ltr'><strong>ad</strong></span> <span class='ocrx_word' id='word_1_166' title='bbox 1582 2855 1850 2947; x_wconf 84' lang='lat' dir='ltr'><strong>nuptias</strong></span> <span class='ocrx_word' id='word_1_167' title='bbox 1895 2858 1987 2925; x_wconf 81' lang='lat' dir='ltr'><strong>ita</strong></span> <span class='ocrx_word' id='word_1_168' title='bbox 2026 2856 2349 2942; x_wconf 86' lang='lat' dir='ltr'><strong>refertur,</strong></span> <span class='ocrx_word' id='word_1_169' title='bbox 2403 2861 2477 2921; x_wconf 91' lang='lat' dir='ltr'><strong>ut</strong></span> <span class='ocrx_word' id='word_1_170' title='bbox 2519 2852 2608 2921; x_wconf 90' lang='lat' dir='ltr'><strong>de</strong></span> <span class='ocrx_word' id='word_1_171' title='bbox 2645 2865 2962 2946; x_wconf 83' lang='lat' dir='ltr'><strong>tempore</strong></span> 
     </span>
    </p>

    <p class='ocr_par' dir='ltr' id='par_1_10' title="bbox 730 2947 2958 3056">
     <span class='ocr_line' id='line_1_22' title="bbox 730 2947 2958 3056; baseline 0.002 -32"><span class='ocrx_word' id='word_1_172' title='bbox 730 2957 958 3048; x_wconf 84' lang='lat' dir='ltr'><strong>potius</strong></span> <span class='ocrx_word' id='word_1_173' title='bbox 985 2979 1189 3045; x_wconf 83' lang='lat' dir='ltr'><strong>quam</strong></span> <span class='ocrx_word' id='word_1_174' title='bbox 1226 2955 1315 3025; x_wconf 88' lang='lat' dir='ltr'><strong>de</strong></span> <span class='ocrx_word' id='word_1_175' title='bbox 1350 2957 1504 3025; x_wconf 85' lang='lat' dir='ltr'><strong>loco</strong></span> <span class='ocrx_word' id='word_1_176' title='bbox 1533 2958 1616 3025; x_wconf 84' lang='lat' dir='ltr'><strong>sit</strong></span> <span class='ocrx_word' id='word_1_177' title='bbox 1655 2959 2110 3052; x_wconf 85' lang='lat' dir='ltr'><strong>cogitandum.</strong></span> <span class='ocrx_word' id='word_1_178' title='bbox 2192 2947 2286 3027; x_wconf 81' lang='lat' dir='ltr'><strong>Et</strong></span> <span class='ocrx_word' id='word_1_179' title='bbox 2314 2958 2409 3026; x_wconf 86' lang='lat' dir='ltr'><strong>sic</strong></span> <span class='ocrx_word' id='word_1_180' title='bbox 2444 2957 2645 3025; x_wconf 86' lang='lat' dir='ltr'><strong>etiam</strong></span> <span class='ocrx_word' id='word_1_181' title='bbox 2672 2958 2865 3026; x_wconf 88' lang='lat' dir='ltr'><strong>Iliad.</strong></span> <span class='ocrx_word' id='word_1_182' title='bbox 2897 2985 2958 3056; x_wconf 87' lang='grc' dir='ltr'><strong>η.</strong></span> 
     </span>
    </p>

    <p class='ocr_par' dir='ltr' id='par_1_11' title="bbox 732 3057 2958 3150">
     <span class='ocr_line' id='line_1_23' title="bbox 732 3057 2958 3150; baseline 0.001 -22"><span class='ocrx_word' id='word_1_183' title='bbox 732 3057 916 3128; x_wconf 73' lang='grc'><strong>353.</strong></span> <span class='ocrx_word' id='word_1_184' title='bbox 937 3058 1026 3128; x_wconf 89' lang='lat' dir='ltr'><strong>de</strong></span> <span class='ocrx_word' id='word_1_185' title='bbox 1055 3082 1192 3149; x_wconf 89' lang='lat' dir='ltr'><strong>quo</strong></span> <span class='ocrx_word' id='word_1_186' title='bbox 1231 3060 1387 3129; x_wconf 85' lang='lat' dir='ltr'><strong>loco</strong></span> <span class='ocrx_word' id='word_1_187' title='bbox 1418 3082 1588 3129; x_wconf 75' lang='lat' dir='ltr'><strong>mox</strong></span> <span class='ocrx_word' id='word_1_188' title='bbox 1606 3060 1883 3135; x_wconf 86' lang='lat' dir='ltr'><strong>dicetur.</strong></span> <span class='ocrx_word' id='word_1_189' title='bbox 1963 3065 2113 3132; x_wconf 88' lang='lat' dir='ltr'><strong>Nec</strong></span> <span class='ocrx_word' id='word_1_190' title='bbox 2136 3063 2378 3130; x_wconf 87' lang='lat' dir='ltr'><strong>mirum</strong></span> <span class='ocrx_word' id='word_1_191' title='bbox 2406 3083 2616 3150; x_wconf 88' lang='lat' dir='ltr'><strong>quum</strong></span> <span class='ocrx_word' id='word_1_192' title='bbox 2649 3062 2958 3130; x_wconf 85' lang='lat' dir='ltr'><strong>omnibus</strong></span> 
     </span>
    </p>

    <p class='ocr_par' dir='ltr' id='par_1_12' title="bbox 729 3161 2952 3258">
     <span class='ocr_line' id='line_1_24' title="bbox 729 3161 2952 3258; baseline 0.002 -27"><span class='ocrx_word' id='word_1_193' title='bbox 729 3163 799 3231; x_wconf 89' lang='lat' dir='ltr'><strong>in</strong></span> <span class='ocrx_word' id='word_1_194' title='bbox 828 3163 1072 3255; x_wconf 85' lang='lat' dir='ltr'><strong>linguis</strong></span> <span class='ocrx_word' id='word_1_195' title='bbox 1101 3162 1236 3232; x_wconf 87' lang='lat' dir='ltr'><strong>loci</strong></span> <span class='ocrx_word' id='word_1_196' title='bbox 1277 3161 1601 3233; x_wconf 85' lang='lat' dir='ltr'><strong>adverbia</strong></span> <span class='ocrx_word' id='word_1_197' title='bbox 1638 3166 1838 3233; x_wconf 87' lang='lat' dir='ltr'><strong>etiam</strong></span> <span class='ocrx_word' id='word_1_198' title='bbox 1873 3166 1963 3235; x_wconf 86' lang='lat' dir='ltr'><strong>ad</strong></span> <span class='ocrx_word' id='word_1_199' title='bbox 1994 3177 2265 3258; x_wconf 85' lang='lat' dir='ltr'><strong>tempus</strong></span> <span class='ocrx_word' id='word_1_200' title='bbox 2299 3163 2641 3232; x_wconf 86' lang='lat' dir='ltr'><strong>transferri</strong></span> <span class='ocrx_word' id='word_1_201' title='bbox 2676 3166 2952 3237; x_wconf 89' lang='lat' dir='ltr'><strong>soleant.</strong></span> 
     </span>
    </p>

    <p class='ocr_par' dir='ltr' id='par_1_13' title="bbox 727 3264 2954 3361">
     <span class='ocr_line' id='line_1_25' title="bbox 727 3264 2954 3361; baseline 0.001 -27"><span class='ocrx_word' id='word_1_202' title='bbox 727 3265 823 3334; x_wconf 90' lang='lat' dir='ltr'><strong>Et</strong></span> <span class='ocrx_word' id='word_1_203' title='bbox 848 3264 970 3334; x_wconf 68' lang='lat' dir='ltr'><strong>uba·</strong></span> <span class='ocrx_word' id='word_1_204' title='bbox 1011 3267 1287 3356; x_wconf 88' lang='lat' dir='ltr'><strong>quidem</strong></span> <span class='ocrx_word' id='word_1_205' title='bbox 1316 3289 1526 3357; x_wconf 88' lang='lat' dir='ltr'><strong>quum</strong></span> <span class='ocrx_word' id='word_1_206' title='bbox 1562 3267 1896 3361; x_wconf 84' lang='lat' dir='ltr'><strong>sig-nificat</strong></span> <span class='ocrx_word' id='word_1_207' title='bbox 1931 3292 2064 3339; x_wconf 81' lang='lat' dir='ltr'><strong>vox</strong></span> <span class='ocrx_word' id='word_1_208' title='bbox 2097 3271 2211 3337; x_wconf 88' lang='lat' dir='ltr'><strong>illa</strong></span> <span class='ocrx_word' id='word_1_209' title='bbox 2227 3319 2248 3356; x_wconf 89' lang='lat'>‚</span> <span class='ocrx_word' id='word_1_210' title='bbox 2303 3269 2505 3337; x_wconf 87' lang='lat' dir='ltr'><strong>etiam</strong></span> <span class='ocrx_word' id='word_1_211' title='bbox 2549 3289 2707 3335; x_wconf 86' lang='lat' dir='ltr'><strong>oum</strong></span> <span class='ocrx_word' id='word_1_212' title='bbox 2743 3267 2954 3361; x_wconf 89' lang='lat' dir='ltr'><strong>parti-</strong></span> 
     </span>
    </p>

    <p class='ocr_par' dir='ltr' id='par_1_14' title="bbox 731 3367 2854 3626">
     <span class='ocr_line' id='line_1_26' title="bbox 731 3367 2854 3466; baseline 0.001 -29"><span class='ocrx_word' id='word_1_213' title='bbox 731 3369 881 3437; x_wconf 91' lang='lat' dir='ltr'><strong>cula</strong></span> <span class='ocrx_word' id='word_1_214' title='bbox 907 3367 999 3441; x_wconf 76' lang='grc' dir='ltr'><strong>ἄν</strong></span> <span class='ocrx_word' id='word_1_215' title='bbox 1027 3370 1472 3462; x_wconf 83' lang='lat' dir='ltr'><strong>coniungitur,</strong></span> <span class='ocrx_word' id='word_1_216' title='bbox 1523 3380 1601 3439; x_wconf 90' lang='lat' dir='ltr'><strong>ut</strong></span> <span class='ocrx_word' id='word_1_217' title='bbox 1627 3373 1711 3441; x_wconf 83' lang='lat' dir='ltr'><strong>sit</strong></span> <span class='ocrx_word' id='word_1_218' title='bbox 1737 3371 2181 3466; x_wconf 77' lang='lat' dir='ltr'><strong>ubicumque.</strong></span> <span class='ocrx_word' id='word_1_219' title='bbox 2234 3371 2473 3464; x_wconf 89' lang='lat' dir='ltr'><strong>Eurip.</strong></span> <span class='ocrx_word' id='word_1_220' title='bbox 2500 3370 2643 3439; x_wconf 90' lang='lat' dir='ltr'><strong>lou.</strong></span> <span class='ocrx_word' id='word_1_221' title='bbox 2676 3368 2854 3440; x_wconf 75' lang='lat'><strong>815.</strong></span> 
     </span>
     <span class='ocr_line' id='line_1_27' title="bbox 831 3517 2564 3626; baseline 0.007 -33"><span class='ocrx_word' id='word_1_222' title='bbox 831 3517 1029 3594; x_wconf 80' lang='grc' dir='ltr'><strong>ἅπαν</strong></span> <span class='ocrx_word' id='word_1_223' title='bbox 1062 3521 1250 3597; x_wconf 78' lang='grc' dir='ltr'><strong>θεοῦ</strong></span> <span class='ocrx_word' id='word_1_224' title='bbox 1276 3529 1413 3616; x_wconf 71' lang='grc' dir='ltr'><strong>μοι</strong></span> <span class='ocrx_word' id='word_1_225' title='bbox 1449 3521 1641 3618; x_wconf 76' lang='grc' dir='ltr'><strong>δῶμ’</strong></span> <span class='ocrx_word' id='word_1_226' title='bbox 1657 3581 1687 3617; x_wconf 87' lang='lat'><em>,</em></span> <span class='ocrx_word' id='word_1_227' title='bbox 1740 3525 1842 3601; x_wconf 79' lang='grc' dir='ltr'><strong>ἵν’</strong></span> <span class='ocrx_word' id='word_1_228' title='bbox 1863 3527 1955 3603; x_wconf 82' lang='grc' dir='ltr'><strong>οἲν</strong></span> <span class='ocrx_word' id='word_1_229' title='bbox 1985 3520 2170 3626; x_wconf 71' lang='grc' dir='ltr'><strong>λάβῃ</strong></span> <span class='ocrx_word' id='word_1_230' title='bbox 2198 3521 2287 3622; x_wconf 85' lang='grc' dir='ltr'><strong>μ’</strong></span> <span class='ocrx_word' id='word_1_231' title='bbox 2322 3522 2564 3605; x_wconf 76' lang='grc' dir='ltr'><strong>ὕπνος·</strong></span> 
     </span>
    </p>

    <p class='ocr_par' dir='ltr' id='par_1_15' title="bbox 727 3672 1544 3768">
     <span class='ocr_line' id='line_1_28' title="bbox 727 3672 1544 3768; baseline 0.005 -24"><span class='ocrx_word' id='word_1_232' title='bbox 727 3672 1076 3768; x_wconf 86' lang='lat' dir='ltr'><strong>Aristoph.</strong></span> <span class='ocrx_word' id='word_1_233' title='bbox 1102 3675 1278 3746; x_wconf 90' lang='lat' dir='ltr'><strong>Plut.</strong></span> <span class='ocrx_word' id='word_1_234' title='bbox 1324 3674 1544 3748; x_wconf 93' lang='grc'><strong>1151.</strong></span> 
     </span>
    </p>

    <p class='ocr_par' dir='ltr' id='par_1_16' title="bbox 725 3823 2587 3930">
     <span class='ocr_line' id='line_1_29' title="bbox 725 3823 2587 3930; baseline 0.001 -30"><span class='ocrx_word' id='word_1_235' title='bbox 725 3881 754 3889; x_wconf 80' lang='grc'>-</span> <span class='ocrx_word' id='word_1_236' title='bbox 828 3827 1091 3925; x_wconf 76' lang='grc' dir='ltr'><strong><em>πατρὶς</em></strong></span> <span class='ocrx_word' id='word_1_237' title='bbox 1117 3823 1258 3929; x_wconf 67' lang='grc' dir='ltr'><strong>γάρ</strong></span> <span class='ocrx_word' id='word_1_238' title='bbox 1291 3835 1448 3906; x_wconf 80' lang='grc' dir='ltr'><strong>ἐστι</strong></span> <span class='ocrx_word' id='word_1_239' title='bbox 1478 3829 1697 3922; x_wconf 75' lang='grc' dir='ltr'><strong>πᾶσ’,</strong></span> <span class='ocrx_word' id='word_1_240' title='bbox 1751 3827 1857 3905; x_wconf 79' lang='grc' dir='ltr'><strong>ἵν’</strong></span> <span class='ocrx_word' id='word_1_241' title='bbox 1890 3830 1983 3908; x_wconf 72' lang='grc' dir='ltr'><strong>ἂν</strong></span> <span class='ocrx_word' id='word_1_242' title='bbox 2018 3827 2307 3930; x_wconf 74' lang='grc' dir='ltr'><strong><em>πράττῃ</em></strong></span> <span class='ocrx_word' id='word_1_243' title='bbox 2340 3858 2452 3915; x_wconf 80' lang='grc' dir='ltr'><strong>τις</strong></span> <span class='ocrx_word' id='word_1_244' title='bbox 2485 3825 2587 3904; x_wconf 77' lang='grc' dir='ltr'><strong>εὖ.</strong></span> 
     </span>
    </p>

    <p class='ocr_par' dir='ltr' id='par_1_17' title="bbox 724 3980 1160 4051">
     <span class='ocr_line' id='line_1_30' title="bbox 724 3980 1160 4051; baseline 0 -1"><span class='ocrx_word' id='word_1_245' title='bbox 724 3981 906 4051; x_wconf 87' lang='lat' dir='ltr'><strong>Nub.</strong></span> <span class='ocrx_word' id='word_1_246' title='bbox 941 3980 1160 4050; x_wconf 80' lang='lat'><strong>1232.</strong></span> 
     </span>
    </p>
   </div>
   <div class='ocr_carea' id='block_1_10' title="bbox 826 4127 2655 4334">
    <p class='ocr_par' dir='ltr' id='par_1_18' title="bbox 826 4127 2655 4334">
     <span class='ocr_line' id='line_1_31' title="bbox 826 4127 2655 4261; baseline -0.001 -52"><span class='ocrx_word' id='word_1_247' title='bbox 826 4136 949 4210; x_wconf 69' lang='grc' dir='ltr'><strong>καὶ</strong></span> <span class='ocrx_word' id='word_1_248' title='bbox 985 4137 1172 4210; x_wconf 81' lang='grc' dir='ltr'><strong><em>ταῦτ</em></strong></span> <span class='ocrx_word' id='word_1_249' title='bbox 1184 4129 1603 4261; x_wconf 75' lang='grc' dir='ltr'><strong><em>ἐθελήσεις</em></strong></span> <span class='ocrx_word' id='word_1_250' title='bbox 1629 4130 2008 4232; x_wconf 81' lang='grc' dir='ltr'><strong><em>α’πομόσαι</em></strong></span> <span class='ocrx_word' id='word_1_251' title='bbox 2039 4164 2176 4232; x_wconf 81' lang='grc' dir='ltr'><strong>μοι</strong></span> <span class='ocrx_word' id='word_1_252' title='bbox 2205 4163 2378 4219; x_wconf 83' lang='grc' dir='ltr'><strong><em>τους</em></strong></span> <span class='ocrx_word' id='word_1_253' title='bbox 2401 4127 2655 4217; x_wconf 75' lang='grc' dir='ltr'><em>θεούς,</em></span> 
     </span>
     <span class='ocr_line' id='line_1_32' title="bbox 827 4232 1655 4334; baseline 0.002 -21"><span class='ocrx_word' id='word_1_254' title='bbox 827 4236 926 4313; x_wconf 82' lang='grc' dir='ltr'><strong>ἵν’</strong></span> <span class='ocrx_word' id='word_1_255' title='bbox 955 4269 1046 4314; x_wconf 92' lang='grc' dir='ltr'><strong>αν</strong></span> <span class='ocrx_word' id='word_1_256' title='bbox 1073 4232 1420 4315; x_wconf 71' lang='grc' dir='ltr'><strong>κελεύσω’</strong></span> <span class='ocrx_word' id='word_1_257' title='bbox 1420 4233 1524 4334; x_wconf 69' lang='grc' dir='ltr'><strong>γαί</strong></span> <span class='ocrx_word' id='word_1_258' title='bbox 1554 4265 1655 4315; x_wconf 82' lang='grc' dir='ltr'><strong>σε</strong></span> 
     </span>
    </p>
   </div>
   <div class='ocr_carea' id='block_1_11' title="bbox 721 4390 2940 4490">
    <p class='ocr_par' dir='ltr' id='par_1_19' title="bbox 721 4390 2940 4490">
     <span class='ocr_line' id='line_1_33' title="bbox 721 4390 2940 4490; baseline -0.001 -27"><span class='ocrx_word' id='word_1_259' title='bbox 721 4415 925 4486; x_wconf 90' lang='lat' dir='ltr'><strong>quem</strong></span> <span class='ocrx_word' id='word_1_260' title='bbox 951 4395 1184 4465; x_wconf 88' lang='lat' dir='ltr'><strong>locum</strong></span> <span class='ocrx_word' id='word_1_261' title='bbox 1218 4418 1357 4466; x_wconf 89' lang='lat' dir='ltr'><strong>non</strong></span> <span class='ocrx_word' id='word_1_262' title='bbox 1393 4394 1691 4467; x_wconf 85' lang='lat' dir='ltr'><strong>debebat</strong></span> <span class='ocrx_word' id='word_1_263' title='bbox 1718 4394 2076 4467; x_wconf 81' lang='lat' dir='ltr'><strong>sollicitare</strong></span> <span class='ocrx_word' id='word_1_264' title='bbox 2110 4393 2472 4490; x_wconf 79' lang='lat' dir='ltr'><strong>Reisigius.</strong></span> <span class='ocrx_word' id='word_1_265' title='bbox 2575 4390 2756 4461; x_wconf 90' lang='lat' dir='ltr'><strong>Illud</strong></span> <span class='ocrx_word' id='word_1_266' title='bbox 2783 4412 2940 4462; x_wconf 83' lang='lat' dir='ltr'><strong>vero</strong></span> 
     </span>
    </p>
   </div>
  </div>
 </body>
</html>
