3259 5275
654 526 781 589 172
1349 525 1461 588 DE
1523 524 2067 587 PARTICVLA
2112 521 2206 590 ἃν

754 720 956 790 alacer
1007 713 1135 810 ἐμὲ
1189 709 1369 803 ζωόν
1420 710 1828 791 πεπύθοιτ’
1895 717 2009 792 ἐπὶ
2061 716 2304 816 νηυσίν
2352 714 2705 811 Ἀχαιῶν.

652 879 829 946 quae
854 855 1066 922 verba
1098 854 1299 922 etiam
1336 881 1394 924 ιι.
1432 853 1604 922 380.
1635 830 1704 922 et
1737 859 1795 926 λ.
1853 855 2022 924 134.
2066 855 2417 947 leguntur,
2470 856 2593 925 sed
2631 859 2698 927 in
2738 859 2869 929 hoc

649 969 999 1052 postremo
1034 957 1189 1025 loco
1222 959 1466 1026 omissa
1495 959 1830 1050 particula
1861 962 1999 1033 κέν.
2054 959 2257 1028 Adde
2282 966 2353 1054 β.
2392 958 2562 1028 123.
2592 971 2669 1035 θ.
2701 961 2866 1032 196.

654 1057 829 1129 205.
887 1089 933 1132 ι.
990 1059 1160 1128 141.
1210 1059 1383 1128 283.
1438 1060 1612 1130 362.
1654 1059 1830 1134 445.
1883 1091 1945 1136 ν.
2001 1061 2173 1130 288.
2230 1090 2292 1152 χ.
2353 1061 2523 1131 220.
2576 1087 2655 1158 ψ.
2702 1064 2868 1134 346.

651 1162 824 1233 592.
877 1164 1157 1232 Hesiod.
1177 1161 1264 1232 O.
1307 1173 1376 1232 et
1398 1165 1483 1233 l).
1508 1163 1682 1240 359.
1715 1164 1887 1239 432.
1925 1164 2098 1236 699.
2151 1167 2550 1258 Praeposita
2581 1179 2683 1238 est
2711 1194 2871 1263 par-

651 1268 856 1336 ticula
903 1265 1041 1340 od.
1078 1293 1141 1363 ρ.
1174 1265 1344 1340 223.

753 1398 1012 1496 τόνιιί
1067 1406 1141 1475 εἴ
1181 1432 1313 1497 μοι
1371 1403 1565 1502 δοίης
1615 1405 1974 1497 σταθμῶν
2026 1408 2305 1505 ῥυτῆρα
2357 1411 2721 1502 γενέσθαι.

653 1544 888 1611 iterata
917 1540 1104 1634 apud
1136 1541 1417 1613 Hesiod.
1452 1540 1539 1611 O.
1574 1551 1644 1610 et
1670 1542 1755 1610 l).
1785 1541 1956 1610 423.

757 1683 828 1754 εἰ
877 1679 961 1754 δέ
1004 1707 1125 1752 κεν
1179 1674 1595 1775 ὀκταπόδην
1648 1677 1795 1752 ἄπο
1849 1681 1968 1753 καὶ
2022 1677 2312 1776 σφῦράν
2363 1711 2442 1757 ιιε
2492 1677 2791 1775 τάμοιο.

650 1818 846 1889 Iliad.
882 1848 953 1891 α.
987 1814 1163 1890 549.
1215 1817 1502 1885 Wolfius
1530 1839 1614 1884 ex
1644 1818 2025 1886 coniectura
2046 1870 2065 1904 ‚
2111 1829 2185 1887 ut
2216 1820 2514 1907 videtur,
2569 1819 2792 1888 dedit.-

759 1955 843 2030 ὂν
893 1957 978 2030 δέ
1014 1951 1087 2046 σι’
1143 1947 1320 2049 ἐγών
1374 1947 1754 2026 ἀπάνευθε
1808 1955 2002 2027 θεῶν
2056 1958 2373 2048 ἐθέλωμι
2427 1959 2714 2051 νοῆσαι,

753 2052 936 2152 μήτι
989 2051 1080 2131 σιῖ
1130 2058 1373 2130 ταῦτα
1427 2062 1696 2130 ἕκαστα
1752 2057 2060 2154 διείρεο,
2113 2061 2293 2156 μηδὲ
2352 2054 2698 2153 μετάλλα.

652 2208 838 2267 recte
879 2197 1195 2265 fortasse:
1246 2218 1482 2263 verum
1524 2205 1751 2262 tamen
1790 2216 1929 2262 non
1970 2204 2041 2262 ut
2088 2197 2360 2264 vitiosus
2402 2196 2744 2289 putandus
2791 2198 2870 2267 sit

653 2302 771 2392 qui
832 2302 1046 2392 vulgo
1110 2300 1357 2390 legitur
1432 2298 1788 2388 optativus,
1896 2298 1957 2367 13
2025 2301 2203 2367 enim
2277 2300 2438 2368 facit
2506 2310 2581 2368 ut
2645 2323 2867 2370 sensus

654 2406 778 2491 sit,
832 2406 894 2476 εἰ
926 2405 1010 2476 δέ
1029 2397 1099 2474 κ’
1131 2395 1308 2493 ἐγών
1342 2401 1728 2491 ἐθέλοιμι,
1780 2401 1970 2489 quod
2004 2402 2337 2492 apodosin
2365 2405 2737 2495 postularet
2763 2412 2871 2470 ta-

654 2508 825 2590 lem,
880 2501 1010 2578 οὑκ
1053 2502 1144 2576 ἄν
1187 2501 1423 2600 γνοίης
1465 2504 1744 2592 ταῦτα,
1798 2525 1929 2595 pro
1975 2529 2110 2594 qua
2153 2507 2388 2574 fortior
2425 2507 2706 2575 infertur
2744 2507 2869 2574 ad-

652 2609 948 2679 monitio.
1053 2605 1281 2675 Minus
1332 2605 1531 2674 etiam
1583 2605 1874 2698 probem
1892 2659 1912 2694 ‚
1966 2623 2040 2677 ut
2090 2609 2162 2677 id
2205 2609 2335 2678 hac
2373 2611 2871 2704 opportunitate

653 2713 944 2798 addam,
997 2709 1496 2797 Aristarchum,
1549 2710 1739 2778 Iliad.
1784 2722 1858 2786 θ.
1909 2710 2026 2784 23.
2081 2717 2399 2807 ἐθέλωμι
2436 2714 2870 2784 scribentem:

758 2864 919 2941 ἀλλ’
955 2864 1083 2941 ὅτε
1115 2859 1205 2962 δη
1231 2894 1349 2938 και
1383 2894 1516 2958 εγω
1546 2859 1897 2963 πρόφρων
1930 2869 2248 2958 ἐθέλωμι
2280 2864 2578 2965 ἐρύσσαι
2598 2921 2620 2961 ,

756 2968 949 3067 αὐτῇ
972 2999 1091 3042 κεν
1119 2969 1286 3066 γαίῃ
1322 2962 1631 3064 ἑρύσαιμ
1685 3017 1706 3054 ,
1761 2966 1952 3065 αὐτῇ
1973 2997 2057 3042 τε
2091 2966 2446 3069 θαλάσσῃ.

650 3128 810 3195 Νοιι
845 3126 1021 3195 enim
1053 3125 1388 3193 facturum
1416 3149 1490 3194 se
1520 3124 1592 3191 id
1614 3124 1927 3215 luppiter
1952 3123 2228 3213 indicat,
2282 3125 2404 3194 sed
2435 3127 2631 3214 dicit,
2686 3129 2865 3217 quid,

653 3231 705 3299 si
745 3230 904 3299 velit
954 3229 1218 3316 facere,
1273 3228 1567 3296 futurum
1614 3229 1716 3296 sit.
1822 3227 2138 3312 Rectim,
2194 3239 2268 3297 ιιι
2309 3231 2378 3297 in
2430 3253 2505 3299 re
2550 3255 2711 3300 vere
2756 3233 2863 3301 fu-

649 3346 833 3422 tura,
886 3335 1223 3402 restitutus
1254 3331 1714 3400 coniunctivus
1742 3330 1929 3398 Iliad.
1962 3360 2009 3402 ι.
2048 3329 2220 3400 39Ί.

752 3464 948 3543 τοῖων
982 3468 1071 3568 ἤν
1104 3466 1177 3541 κ’
1213 3471 1567 3560 ἐθέλωμι,
1621 3468 1837 3563 φίλην
1866 3462 2228 3565 ποιήσομ’
2267 3469 2575 3546 ἄκοιτιν.

650 3607 765 3675 Sic
794 3609 994 3676 etiam
1030 3605 1166 3676 od.
1196 3636 1258 3680 τ.
1291 3605 1462 3674 489.

755 3741 922 3818 οὐδὲ
946 3745 1249 3872 τροφοῦ
1286 3743 1495 3867 οὔσης
1527 3743 1659 3817 σεῦ
1688 3740 2089 3839 α’φέξομαι,
2141 3741 2412 3820 ὁππότ’
2454 3746 2546 3820 ἄν
2575 3745 2789 3826 ἄλλας

753 3842 1059 3939 δμωας’
1025 3876 1100 3920 εν
1147 3842 1580 3946 μεγάροισιν
1616 3852 1819 3938 ἐμοῖς
1845 3848 2191 3943 κτείνωμι
2222 3856 2575 3944 γυναῖκας

646 3983 781 4052 Hic
817 4007 1091 4074 quoque
1123 3986 1334 4078 vulgo
1370 3985 1706 4077 optativus
1737 3985 2005 4078 legitur.

850 4089 1155 4157 Diximus
1188 4089 1322 4156 hoc
1359 4112 1576 4180 genus
1607 4090 2116 4158 constructionis
2141 4091 2490 4181 epicorum
2519 4089 2864 4182 proprium

649 4211 828 4276 esse,
879 4202 954 4258 ut
989 4193 1101 4260 vel
1129 4202 1497 4283 propterea
1527 4202 1920 4282 suspectum
1951 4216 2100 4263 esse
2127 4194 2410 4280 debeat,
2463 4193 2651 4285 quod
2682 4191 2864 4286 apud

645 4295 1044 4388 Euripidem
1077 4294 1406 4369 Androm.
1440 4294 1615 4363 771.
1669 4295 1990 4388 legimuS.

753 4460 815 4504 ει
846 4461 921 4503 τι
952 4459 1093 4553 γαρ
1125 4460 1217 4504 αν
1254 4459 1523 4522 πασχθι
1553 4461 1666 4514 τίς
1701 4460 2117 4529 αμηχανθν,
2160 4429 2372 4531 αλκῆς

755 4560 841 4607 Ου
874 4562 1128 4616 σπανις
1164 4563 1578 4631 Ευγδνὸῒαις·
