3259 5275
871 436 976 500 nt:
1016 432 1388 498 MENSVRA
1415 432 1865 513 vrmvsovr:
1904 430 2002 500 ἄν.
2419 437 2553 502 aaa

321 631 394 701 in
445 628 653 700 Laur.
703 650 766 696 a.
818 621 870 722 ἦ
918 624 1056 702 κᾶν
1070 680 1100 718 ,
1151 625 1341 720 quod
1394 624 1605 696 habet
1653 627 1916 700 Iuntina
1960 649 2024 696 a.
2069 619 2295 697 1547.
2340 626 2550 696 aliae—

322 758 463 825 que
510 732 668 802 edd.
789 730 1002 801 Chori
1046 741 1199 800 sunt
1241 732 1455 800 verba
1499 731 1653 815 illa,
1718 740 2082 823 postquam
2130 754 2216 800 ex
2273 731 2552 800 Electra

322 837 684 929 quaesivit,
750 835 1023 905 domine
1067 859 1153 903 an
1201 834 1364 903 foris
1421 834 1504 903 sit
1539 834 1942 928 Aegisthus,
2007 857 2223 925 eaque
2262 858 2550 928 respon-

319 942 423 1010 dit
457 939 596 1009 ruri
630 963 798 1010 esse.
902 938 1292 1008 Dindorfius
1338 938 1876 1031 interrogationis
1921 938 2195 1031 signum
2231 936 2337 1006 his
2388 961 2547 1007 ver-

316 1045 425 1115 bis
469 1043 825 1137 apposuit,
882 1036 932 1137 ἦ
977 1043 1090 1127 δέ,
1142 1040 1332 1133 quod
1370 1064 1526 1110 raro
1570 1042 1641 1110 in
1683 1042 2212 1134 interrogatione
2255 1063 2550 1135 usurpe-

319 1157 467 1236 tur,
527 1149 597 1215 in
638 1145 1107 1238 Aristophanis
1151 1146 1401 1214 Avium
1442 1168 1508 1219 v,
1546 1144 1668 1217 23.
1721 1146 1811 1215 ab
1855 1168 1929 1214 se
1979 1147 2351 1240 repositum
2398 1169 2551 1215 me-

316 1275 614 1322 morans.
737 1252 832 1320 At
879 1249 1079 1318 valde
1127 1249 1459 1319 dissimilis
1504 1249 1679 1319 illius
1726 1250 1861 1318 loci
1901 1251 2070 1319 ratio
2119 1258 2220 1319 est
2236 1303 2258 1339 ,
2324 1272 2551 1340 neque

318 1356 509 1450 apud
553 1353 1011 1447 Sophoclem,
1084 1354 1139 1422 si
1186 1354 1636 1446 interrogaret
1691 1352 1976 1440 chorus»,
2036 1355 2319 1445 μᾶλλον
2359 1364 2548 1424 recte

315 1459 707 1529 addidisset.
812 1459 974 1526 Non
1012 1464 1241 1525 tamen
1274 1466 1389 1525 aut
1418 1457 1657 1525 vitiosa
1704 1466 1806 1525 est
1845 1457 1965 1524 illa
2008 1458 2378 1550 scriptura,
2432 1466 2548 1526 aut

314 1563 390 1632 in
428 1571 722 1631 metrum
769 1569 1046 1653 peccat,
1098 1557 1312 1628 modo
1351 1561 1728 1629 meminerit
1773 1561 1959 1651 quiS,
2014 1560 2070 1628 si
2107 1587 2148 1654 η
2196 1556 2332 1632 δαν
2376 1562 2547 1630 scri-

313 1667 559 1749 batur,
610 1666 686 1734 id
733 1688 883 1733 esse
924 1659 973 1762 ἦ
1014 1656 1105 1760 δὴ
1139 1660 1250 1735 ἄν.
1352 1664 1504 1732 Erit
1545 1662 1684 1731 hoc
1731 1685 2006 1754 quoque
2062 1663 2424 1766 aliquando
2475 1665 2547 1734 in

313 1770 432 1858 iis,
504 1792 717 1860 quae,
782 1766 955 1836 sicut
1023 1765 1166 1840 τᾶν
1210 1788 1294 1835 ex
1338 1766 1462 1839 τοὶ
1524 1766 1618 1839 ἄν
1679 1775 2133 1855 contractum,
2212 1757 2423 1837 semel
2474 1768 2546 1836 in

316 1872 543 1943 lucem
576 1880 923 1967 protracta
950 1893 1085 1940 non
1119 1868 1408 1964 amplius
1442 1870 1945 1943 addubitantur.

526 2059 649 2129 xl.
731 2042 890 2151 (l.)
970 2056 1186 2151 Apud
1224 2056 1649 2151 Aeschylum
1687 2058 1759 2126 in
1799 2057 2086 2152 Septem
2127 2057 2221 2128 ad
2260 2058 2545 2130 Thebas

312 2185 382 2234 v.
411 2156 590 2238 568.
633 2163 847 2256 vulgo
882 2163 1165 2255 legitur:
2505 2251 2590 2364 Z
2613 2273 2636 2332 ε
2677 2271 2698 2332 ι
2721 2219 2816 2312 c
2859 2159 3052 2404 l‘st
3047 2199 3068 2224 ,ι
3101 2169 3126 2234 1

627 2317 828 2392 θεῶν
872 2309 1245 2391 θελόντων
1290 2312 1364 2391 δ’
1393 2343 1486 2389 αν
1518 2307 2023 2415 ἄληθευσαιμ’
2052 2308 2210 2410 ἐγῶ.
2557 2351 2706 2464 fr-

312 2471 477 2541 Non
525 2494 610 2541 ex
651 2470 832 2540 omni
864 2479 1060 2563 parte
1090 2492 1327 2539 verum
1369 2477 1502 2556 est,
1555 2467 1748 2560 quod
1786 2470 2242 2540 Dindorfius‘
2222 2494 2291 2541 ιιι
2331 2455 2574 2564 praes}
2601 2509 2644 2536 c
2749 2515 2762 2528 .

310 2575 571 2647 satione
625 2575 992 2668 Sophoclis
1044 2573 1241 2663 dicit,
1304 2575 1638 2644 librorum
1680 2574 1859 2643 hanc
1916 2598 2063 2645 esse
2118 2575 2542 2668 scripturam.

311 2680 658 2749 Invenitur
703 2703 787 2748 ea
827 2678 1154 2770 quidem
1136 2702 1202 2748 ιιι
1239 2678 1399 2747 edd.
1429 2679 1613 2747 Rob.
1649 2656 1864 2751 Turn.
1884 2678 2061 2752 vict.
2112 2688 2181 2748 et
2212 2679 2544 2750 Brunckii

313 2784 469 2854 cod.
528 2785 614 2855 B.
668 2783 736 2851 in
800 2806 940 2873 quo
1002 2780 1094 2850 ad
1149 2777 1223 2855 δ’
1258 2805 1465 2875 supra
1529 2783 1855 2875 scriptum
1900 2779 1978 2856 τ’
1979 2837 1996 2854 .
2115 2782 2291 2855 Cod.
2349 2783 2541 2877 Lips.

314 2882 389 2962 δ’
418 2881 539 2962 αὖ.
645 2887 752 2957 Ac
797 2886 1025 2955 nescio
1073 2908 1163 2953 an
1207 2885 1398 2975 quod
1440 2907 1527 2954 ex
1565 2885 1719 2957 cod.
1766 2887 1975 2955 Paris.
2022 2884 2247 2955 2782.
2301 2896 2543 2956 enota-

308 2999 461 3059 tum
504 2999 642 3076 est,
707 2988 800 3063 ἂν
849 2982 1473 3085 οἱναλήθεύσαιμ’,
1535 3011 1765 3058 errore
1816 2990 2064 3057 librarii
2116 3012 2201 3060 ex
2256 2990 2540 3058 coniun-

312 3096 435 3165 ctis
487 3094 579 3168 ἄν
630 3101 700 3162 et
752 3088 851 3166 αὖ
898 3092 1174 3161 traxerit
1209 3092 1558 3185 originem.
1677 3092 2020 3161 Burtonus
2061 3091 2197 3165 κᾶν
2239 3115 2325 3161 ex
2365 3092 2538 3162 Ven.
2911 3139 3000 3225 a·

309 3198 552 3285 affert,
623 3220 762 3289 quo
822 3197 935 3263 vel
985 3195 1236 3262 codicis
1298 3195 1676 3287 cuiuspiam
1726 3195 1930 3264 lectio
1986 3196 2096 3264 vel
2156 3195 2544 3265 coniectura

310 3301 436 3370 viri
480 3301 665 3369 docti
717 3299 1033 3391 exemplo
1075 3297 1367 3368 Aldinae
1421 3296 1765 3391 adscripta
1819 3299 2181 3391 significari
2247 3300 2536 3370 videtur.

314 3403 653 3476 Omittunt
698 3398 772 3477 δ’
803 3402 1023 3471 codex
1070 3400 1402 3470 Brunckii
1443 3402 1526 3470 A.
1574 3400 1771 3471 colb.
1810 3400 1881 3474 2.
1932 3403 2095 3473 Bar.
2137 3402 2208 3472 4.
2317 3403 2539 3473 Guel-

310 3508 711 3600 ferbytanus
729 3555 750 3593 ‚
801 3505 1307 3599 Vitebergensis
1323 3557 1346 3589 ,
1398 3505 1937 3576 vindobonensis
1966 3507 2051 3576 A.
2079 3507 2167 3581 B.
2202 3507 2291 3576 D.
2393 3507 2540 3576 Ve-

311 3621 507 3682 netus
549 3610 999 3695 Bessarioni8‚
1051 3610 1256 3679 editio
1304 3608 1579 3683 Aldina.
1685 3609 1961 3699 anue,
2017 3611 2072 3680 si
2104 3610 2272 3701 quid
2310 3610 2536 3696 video,

312 3739 476 3785 vera
527 3716 863 3808 scriptura
926 3722 1060 3803 est,
1117 3712 1327 3782 modo
1390 3722 1579 3782 recte
1647 3736 1730 3782 ea
1792 3723 2079 3783 utamur.
2199 3714 2539 3804 Loquitur

311 3819 631 3889 Eteocles
679 3818 767 3886 de
809 3816 1155 3909 Sphinge,
1208 3838 1385 3906 quae
1425 3818 1646 3885 virum
1674 3815 2087 3887 Thebanum
2132 3817 2281 3886 telis
2317 3818 2539 3888 hosti-

310 3924 487 3993 libus
535 3923 912 4015 expositum
954 3929 1188 3989 tenens
1230 3921 1301 3988 in
1342 3930 1534 3989 scuto
1580 3920 2083 4015 Parthenopaei
2128 3921 2331 3989 affixa
2371 3931 2536 4009 erat,

313 4035 849 4120 auguraturque,
901 4046 1071 4114 quos
1103 4023 1454 4093 Thebanis
1491 4025 1662 4092 ictus
1696 4026 1924 4118 imago
1955 4026 2082 4094 ista
2120 4024 2538 4116 portendere

311 4130 652 4217 videatur,
704 4130 771 4197 in
816 4128 1076 4221 ipsum,
1131 4127 1245 4216 qui
1288 4151 1441 4196 eam
1481 4136 1739 4222 gestet,
1796 4151 2192 4200 conversum
2230 4128 2330 4196 iri.
2449 4128 2536 4197 Id

309 4234 518 4328 igitur
575 4233 939 4302 rectissime
1004 4231 1209 4300 faciet
1274 4240 1479 4322 atque
1538 4232 1879 4327 aptissime
1897 4284 1918 4322 ,
1995 4231 2534 4327 interpunctione

309 4346 572 4408 mutata
586 4387 608 4427 ,
660 4336 1082 4430 appictoque
1125 4336 1360 4430 spiritu
1375 4359 1399 4406 ι
