3259 5275
769 497 1355 563 mcnssmmuvm
1401 498 1621 562 LIBER
1666 498 1977 564 PRIMVS.
2349 502 2476 567 ⁸⁶1

469 687 723 760 XXVI.
801 688 880 757 P.
927 685 1053 758 85.
1117 687 1429 777 „Obiter
1470 675 1727 762 ηἷῦιιοο
1746 740 1770 782 ,
1819 692 2217 786 vulgarem
2265 690 2479 762 illam

264 793 578 886 qoetativi
593 791 945 887 sormam
983 794 1455 868 reddendam
1492 795 1736 866 uideri
1765 793 2163 891 Sophoclis
2215 796 2478 894 Antig.

262 920 332 965 v.
366 895 538 967 414.
592 894 714 967 uba·
750 897 1044 994 legam.-

805 1053 880 1124 εἴ
921 1079 1034 1134 τις
1082 1047 1293 1128 τοῦδ
1332 1044 1729 1150 ᾰφειδῆσαι
1781 1045 2034 1128 πόνου.

271 1201 688 1276 Branchus
740 1215 945 1277 recte
991 1206 1246 1277 vertit.-
1298 1208 1356 1276 si
1385 1207 1532 1299 quis
1574 1206 1736 1275 huic
1777 1206 1996 1277 labori
2048 1206 2264 1277 minus
2313 1216 2487 1277 esset

269 1307 605 1377 adtentus.
619 1316 664 1352 ‘⁸
793 1310 982 1396 Quid
1051 1310 1142 1380 ad
1207 1309 1717 1381 defendendum
1772 1310 1962 1402 quod
2025 1310 2178 1380 libri
2230 1310 2487 1380 habent

270 1405 678 1507 οἱφειθήσοι
733 1414 1100 1503 attulerim,
1174 1437 1259 1484 ex
1307 1415 1384 1483 iis
1447 1416 1774 1509 cognosci
1826 1424 2088 1508 potest,
2155 1438 2333 1506 quae
2393 1413 2485 1483 ad

270 1515 462 1582 illum
518 1516 884 1609 Sophoclis
942 1541 1211 1588 versum
1252 1518 1323 1588 in
1375 1517 1669 1589 editione
1707 1542 1865 1587 mea
1912 1518 2250 1593 adnotavi.
2354 1520 2484 1589 At-

271 1640 412 1707 que
453 1620 599 1713 ipse
643 1621 1054 1691 Schaeferus
1093 1622 1252 1692 illuc
1288 1623 1360 1691 in
1388 1645 1510 1693 sua
1543 1622 1762 1694 rediit.

483 1790 769 1865 xxvn.
848 1793 929 1862 In
979 1792 1223 1862 eadem
1274 1793 1738 1863 adnotationes
1806 1793 2218 1882 „Eandem
2251 1790 2485 1861 medi-

276 1891 526 1961 cinam
607 1896 1065 1984 admoverim
1134 1897 1548 1990 Sophocleo
1615 1896 2071 1992 fragmento
2149 1894 2484 1967 Phaedr.

294 1994 511 2065 VIII.
576 1999 1006 2072 scribendo.-
1080 1997 1138 2097 ᾦ
1187 2029 1267 2093 γε
1320 1995 1499 2083 Ζεύς
1551 1997 1969 2098 ἐφορμῆσαι
2020 1993 2224 2074 κακοί.
2347 1997 2487 2068 Ne-

281 2123 419 2195 que
469 2102 659 2170 enim
710 2103 1113 2174 abhorrent
1164 2102 1262 2174 ab
1310 2127 1447 2174 usu
1494 2106 1711 2174 Indus
1726 2103 2043 2199 formae
2086 2104 2491 2199 scriptores

285 2205 541 2277 Attici.
556 2212 601 2251 ‘⁶
734 2209 981 2279 Versus
1052 2209 1146 2277 illi
1208 2208 1396 2303 apud
1461 2209 1835 2289 Stobaeum
1899 2209 2139 2280 CVIII.
2205 2207 2329 2277 53.
2397 2208 2492 2277 sic
2591 2197 2601 2206 ⁹

281 2309 517 2404 scripti
571 2310 922 2404 leguntur.

388 2468 601 2563 αἴσχη
649 2465 832 2559 μὲν,
896 2493 951 2538 ω
1004 2471 1372 2559 γυναῖκες,
1439 2462 1601 2541 ουδ’
1645 2495 1740 2542 αν
1791 2466 1892 2550 εἷς
1943 2460 2173 2589 φυγοι

387 2568 679 2695 βροτῶν
730 2563 959 2658 πόθ’,
1013 2564 1072 2664 ᾦ
1121 2569 1239 2643 καὶ
1292 2563 1474 2652 Ζευς
1523 2563 1935 2696 ἐφορμῆσαι
1987 2561 2191 2645 κακά.

390 2667 649 2755 νόσους
699 2669 772 2748 δ’
802 2667 1074 2771 ἀνάγκη
1128 2667 1259 2756 τοῖς
1310 2666 1718 2774 θεηλάτους
1770 2676 2039 2772 φέρειν

284 2845 369 2914 In
403 2844 646 2934 quibus
687 2866 898 2934 quum
937 2866 1072 2913 non
1107 2845 1323 2938 possit
1372 2844 1664 2915 dubitari
1703 2846 1877 2938 quin
1913 2846 2309 2940 respiciatur
2351 2853 2498 2913 tur-

284 2950 396 3043 pis
445 2971 672 3037 amor,
738 2948 809 3017 in
859 2970 1064 3039 quem
1112 2948 1422 3018 inciderit
1470 2950 1821 3039 Phaedra,
1879 2951 2024 3020 iure
2076 2947 2500 3020 statuendum

288 3061 396 3123 est
462 3051 884 3122 coniunctivo
952 3055 1178 3145 potius
1237 3053 1562 3122 utendum
1611 3001 1833 3124 fuisse’.
1945 3054 2213 3123 Malum
2274 3061 2501 3120 autem

288 3178 526 3227 versus
590 3157 882 3225 fulcrum
958 3155 1079 3230 καὶ
1145 3155 1424 3225 credere
1487 3157 1763 3246 suadet,
1841 3154 2267 3253 Sophoclem
2334 3153 2502 3225 scri-

290 3262 544 3356 psisse,
598 3258 747 3334 οἶσι
786 3253 969 3341 Ζεΰς
1025 3253 1404 3358 ἐφορμήσῃ
1455 3255 1665 3336 κακοί.

501 3430 820 3504 xxvm.
924 3431 1004 3501 P.
1074 3429 1198 3502 87.
1278 3429 1578 3525 disputat
1643 3431 1734 3502 de
1795 3429 1884 3530 ἢν
1947 3453 2105 3501 cnm
2179 3430 2508 3523 optativo,

294 3559 511 3629 quum
562 3535 728 3604 alios
778 3534 1138 3627 scriptores
1153 3585 1176 3625 ‚
1227 3542 1372 3607 tum
1425 3535 1690 3606 Antistii
1741 3536 2164 3630 epigramma
2178 3586 2201 3625 ‚
2252 3532 2321 3601 iu
2366 3554 2507 3623 quo

296 3651 402 3711 est
463 3638 556 3736 ἢν
624 3638 701 3713 δὲ
752 3636 1226 3737 παραβαίης,
1306 3648 1452 3709 tum
1518 3639 1802 3709 Maximi
1868 3639 2007 3708 duo
2072 3636 2387 3729 exempla
2439 3644 2511 3705 et

296 3766 510 3815 unum
593 3740 1030 3835 Hippocratis
1106 3741 1420 3818 afferens.
1572 3744 1683 3814 De
1761 3743 2047 3812 Antistio
2128 3740 2511 3825 monebam,

298 3847 743 3918 vehementer
807 3844 1098 3914 dubitari
1160 3869 1369 3939 posse
1433 3868 1521 3915 an
1571 3849 1627 3916 is
1685 3847 1911 3940 potius
1963 3843 2052 3944 ἢν
2104 3844 2218 3919 δὲ
2235 3869 2513 3937 παρεκ-

299 3945 481 4050 βήῃς
550 3948 942 4042 scripsisset:
1067 3948 1177 4020 De
1241 3950 1455 4019 altero
1516 3949 1802 4019 Maximi
1881 3949 2039 4019 loco
2103 3946 2517 4018 Schaeferus

302 4055 441 4126 sic.
503 4053 777 4142 „Idem
826 4076 891 4123 v.
939 4049 1114 4120 346.
1178 4053 1447 4123 nunctis
1511 4053 1840 4148 optativo
1897 4063 1971 4126 et
2023 4049 2517 4123 coniunctione

303 4157 396 4256 ἢν
426 4194 535 4211 —-
503 4103 735 4254 ’,πέλῃ
779 4197 865 4210 -
900 4154 948 4255 ἢ
990 4195 1077 4208 --—
1118 4149 1499 4230 §nonast-
1518 4160 1576 4196 “
1679 4158 1885 4227 Hunc
1935 4158 2164 4226 Iocum
2204 4153 2519 4225 dicebam

306 4261 362 4331 si
410 4260 785 4330 accuratius
836 4260 1236 4352 inspexisset
1251 4309 1272 4343 ‚
1346 4281 1482 4330 non
1527 4261 1884 4330 allaturum
1932 4260 2158 4332 fuisse.
2260 4257 2520 4350 Corni-

308 4374 510 4460 ptum
562 4386 744 4452 esse,
797 4363 1131 4455 scribique
1184 4364 1437 4435 debere
1475 4363 1614 4437 hoc
1652 4365 1900 4436 modo:
