<?xml version="1.0" encoding="UTF-8"?>
<!DOCTYPE html PUBLIC "-//W3C//DTD XHTML 1.0 Transitional//EN"
    "http://www.w3.org/TR/xhtml1/DTD/xhtml1-transitional.dtd">
<html xmlns="http://www.w3.org/1999/xhtml" xml:lang="en" lang="en">
 <head>
  <title>
</title>
<meta http-equiv="Content-Type" content="text/html;charset=utf-8" />
  <meta name='ocr-system' content='tesseract 3.04.00' />
  <meta name='ocr-capabilities' content='ocr_page ocr_carea ocr_par ocr_line ocrx_word'/>
</head>
<body>
  <div class='ocr_page' id='page_1' title='image "./godofrediherman03fritgoog_0098.png"; bbox 0 0 3259 5275; ppageno 0'>
   <div class='ocr_carea' id='block_1_1' title="bbox 766 469 2328 541">
    <p class='ocr_par' dir='ltr' id='par_1_1' title="bbox 766 469 2328 541">
     <span class='ocr_line' id='line_1_1' title="bbox 766 469 2328 541; baseline -0.001 0"><span class='ocrx_word' id='word_1_1' title='bbox 766 477 855 541; x_wconf 69' lang='lat'><strong>84</strong></span> <span class='ocrx_word' id='word_1_2' title='bbox 1441 474 1557 536; x_wconf 86' lang='lat' dir='ltr'><strong>DE</strong></span> <span class='ocrx_word' id='word_1_3' title='bbox 1627 473 2188 535; x_wconf 80' lang='lat' dir='ltr'>PARTICVLA</span> <span class='ocrx_word' id='word_1_4' title='bbox 2233 469 2328 540; x_wconf 72' lang='grc' dir='ltr'><strong>ἄν</strong></span> 
     </span>
    </p>
   </div>
   <div class='ocr_carea' id='block_1_2' title="bbox 768 664 2094 774">
    <p class='ocr_par' dir='ltr' id='par_1_2' title="bbox 768 664 2094 774">
     <span class='ocr_line' id='line_1_2' title="bbox 768 664 2094 774; baseline 0.006 -41"><span class='ocrx_word' id='word_1_5' title='bbox 768 664 1041 754; x_wconf 79' lang='lat' dir='ltr'><strong>Etcum</strong></span> <span class='ocrx_word' id='word_1_6' title='bbox 1071 665 1559 774; x_wconf 63' lang='lat' dir='ltr'><strong>particulandv</strong></span> <span class='ocrx_word' id='word_1_7' title='bbox 1590 665 1780 736; x_wconf 85' lang='lat' dir='ltr'><strong>lliad.</strong></span> <span class='ocrx_word' id='word_1_8' title='bbox 1812 674 1886 760; x_wconf 84' lang='grc' dir='ltr'><strong>β.</strong></span> <span class='ocrx_word' id='word_1_9' title='bbox 1920 665 2094 741; x_wconf 84' lang='grc'><strong>229.</strong></span> 
     </span>
    </p>
   </div>
   <div class='ocr_carea' id='block_1_3' title="bbox 768 815 2583 1043">
    <p class='ocr_par' dir='ltr' id='par_1_3' title="bbox 768 815 2583 1043">
     <span class='ocr_line' id='line_1_3' title="bbox 870 815 2583 917; baseline -0.002 -25"><span class='ocrx_word' id='word_1_10' title='bbox 870 817 919 915; x_wconf 86' lang='grc' dir='ltr'><em>ἢ</em></span> <span class='ocrx_word' id='word_1_11' title='bbox 946 818 1059 892; x_wconf 83' lang='grc' dir='ltr'><strong>ἔτι</strong></span> <span class='ocrx_word' id='word_1_12' title='bbox 1093 817 1211 892; x_wconf 73' lang='grc' dir='ltr'><strong><em>καὶ</em></strong></span> <span class='ocrx_word' id='word_1_13' title='bbox 1237 818 1516 917; x_wconf 79' lang='grc' dir='ltr'><strong><em>χρυσοῦ</em></strong></span> <span class='ocrx_word' id='word_1_14' title='bbox 1540 815 1947 913; x_wconf 77' lang='grc' dir='ltr'><strong><em>ἐπιδεύεαι,</em></strong></span> <span class='ocrx_word' id='word_1_15' title='bbox 2005 818 2089 896; x_wconf 83' lang='grc' dir='ltr'><strong>ὅν</strong></span> <span class='ocrx_word' id='word_1_16' title='bbox 2117 822 2203 895; x_wconf 69' lang='grc' dir='ltr'><strong>κε’</strong></span> <span class='ocrx_word' id='word_1_17' title='bbox 2232 846 2343 902; x_wconf 79' lang='grc' dir='ltr'><strong>τις</strong></span> <span class='ocrx_word' id='word_1_18' title='bbox 2378 821 2583 894; x_wconf 81' lang='grc' dir='ltr'><strong><em>οἴσει.</em></strong></span> 
     </span>
     <span class='ocr_line' id='line_1_4' title="bbox 768 969 989 1043; baseline -0.005 0"><span class='ocrx_word' id='word_1_19' title='bbox 768 999 828 1043; x_wconf 79' lang='grc' dir='ltr'><strong>κ.</strong></span> <span class='ocrx_word' id='word_1_20' title='bbox 868 969 989 1042; x_wconf 77' lang='lat'><strong>43.</strong></span> 
     </span>
    </p>
   </div>
   <div class='ocr_carea' id='block_1_4' title="bbox 865 1116 2797 1428">
    <p class='ocr_par' dir='ltr' id='par_1_4' title="bbox 865 1116 2797 1428">
     <span class='ocr_line' id='line_1_5' title="bbox 868 1116 2797 1224; baseline 0.001 -27"><span class='ocrx_word' id='word_1_21' title='bbox 868 1116 1058 1220; x_wconf 64' lang='grc' dir='ltr'><strong>χρεοῖ</strong></span> <span class='ocrx_word' id='word_1_22' title='bbox 1087 1123 1351 1221; x_wconf 79' lang='grc' dir='ltr'><strong><em>βουλῆς</em></strong></span> <span class='ocrx_word' id='word_1_23' title='bbox 1381 1125 1510 1219; x_wconf 79' lang='grc' dir='ltr'><strong>ἐμὲ</strong></span> <span class='ocrx_word' id='word_1_24' title='bbox 1539 1127 1659 1197; x_wconf 83' lang='grc' dir='ltr'><strong><em>καὶ</em></strong></span> <span class='ocrx_word' id='word_1_25' title='bbox 1689 1127 1769 1200; x_wconf 77' lang='grc' dir='ltr'><strong>σὲ</strong></span> <span class='ocrx_word' id='word_1_26' title='bbox 1789 1179 1808 1217; x_wconf 87' lang='grc'><strong>,</strong></span> <span class='ocrx_word' id='word_1_27' title='bbox 1864 1128 2283 1224; x_wconf 72' lang='grc' dir='ltr'><strong><em>διοτρεφές,</em></strong></span> <span class='ocrx_word' id='word_1_28' title='bbox 2338 1120 2398 1199; x_wconf 71' lang='grc' dir='ltr'><strong>οἳ</strong></span> <span class='ocrx_word' id='word_1_29' title='bbox 2421 1125 2797 1219; x_wconf 77' lang='grc' dir='ltr'><strong><em>Μενέλαε,</em></strong></span> 
     </span>
     <span class='ocr_line' id='line_1_6' title="bbox 868 1222 2499 1328; baseline 0.002 -29"><span class='ocrx_word' id='word_1_30' title='bbox 868 1228 1276 1325; x_wconf 72' lang='grc' dir='ltr'><strong><em>κερδαλέης,</em></strong></span> <span class='ocrx_word' id='word_1_31' title='bbox 1329 1225 1486 1325; x_wconf 78' lang='grc' dir='ltr'><strong><em>ἥτις</em></strong></span> <span class='ocrx_word' id='word_1_32' title='bbox 1509 1256 1628 1302; x_wconf 75' lang='grc' dir='ltr'><strong><em>κεν</em></strong></span> <span class='ocrx_word' id='word_1_33' title='bbox 1659 1224 2040 1328; x_wconf 74' lang='grc' dir='ltr'><strong><em>ἐρύσσεται</em></strong></span> <span class='ocrx_word' id='word_1_34' title='bbox 2072 1226 2199 1328; x_wconf 77' lang='grc' dir='ltr'><strong>ἠδὲ</strong></span> <span class='ocrx_word' id='word_1_35' title='bbox 2237 1222 2499 1304; x_wconf 71' lang='grc' dir='ltr'><strong><em>σαώσει</em></strong></span> 
     </span>
     <span class='ocr_line' id='line_1_7' title="bbox 865 1326 2577 1428; baseline -0.008 -22"><span class='ocrx_word' id='word_1_36' title='bbox 865 1326 1238 1425; x_wconf 76' lang='grc' dir='ltr'><strong>Ἀργείους</strong></span> <span class='ocrx_word' id='word_1_37' title='bbox 1266 1331 1385 1404; x_wconf 75' lang='grc' dir='ltr'><strong><em>καὶ</em></strong></span> <span class='ocrx_word' id='word_1_38' title='bbox 1418 1331 1609 1428; x_wconf 82' lang='grc' dir='ltr'><strong><em>νῆας.</em></strong></span> <span class='ocrx_word' id='word_1_39' title='bbox 2574 1334 2577 1337; x_wconf 78' lang='grc'>’</span> 
     </span>
    </p>
   </div>
   <div class='ocr_carea' id='block_1_5' title="bbox 762 1479 1054 1579">
    <p class='ocr_par' dir='ltr' id='par_1_5' title="bbox 696 1447 1054 1579">
     <span class='ocr_line' id='line_1_8' title="bbox 762 1479 1054 1579; baseline -0.02 -24.291"><span class='ocrx_word' id='word_1_40' title='bbox 762 1512 841 1579; x_wconf 75' lang='grc' dir='ltr'><strong>φ.</strong></span> <span class='ocrx_word' id='word_1_41' title='bbox 881 1479 1054 1551; x_wconf 81' lang='lat'><strong>586.</strong></span> 
     </span>
    </p>
   </div>
   <div class='ocr_carea' id='block_1_6' title="bbox 855 1628 2792 1937">
    <p class='ocr_par' dir='ltr' id='par_1_6' title="bbox 855 1628 2792 1937">
     <span class='ocr_line' id='line_1_9' title="bbox 862 1628 2658 1734; baseline 0 -24"><span class='ocrx_word' id='word_1_42' title='bbox 862 1640 940 1711; x_wconf 78' lang='grc' dir='ltr'><strong>ἐν</strong></span> <span class='ocrx_word' id='word_1_43' title='bbox 973 1628 1112 1729; x_wconf 72' lang='grc' dir='ltr'><strong>γάρ</strong></span> <span class='ocrx_word' id='word_1_44' title='bbox 1149 1640 1221 1708; x_wconf 86' lang='grc' dir='ltr'><strong>οἱ</strong></span> <span class='ocrx_word' id='word_1_45' title='bbox 1254 1638 1502 1716; x_wconf 73' lang='grc' dir='ltr'><strong><em>πολέες</em></strong></span> <span class='ocrx_word' id='word_1_46' title='bbox 1529 1663 1612 1709; x_wconf 87' lang='grc' dir='ltr'><strong><em>τε</em></strong></span> <span class='ocrx_word' id='word_1_47' title='bbox 1643 1635 1760 1708; x_wconf 76' lang='grc' dir='ltr'><strong><em>καὶ</em></strong></span> <span class='ocrx_word' id='word_1_48' title='bbox 1788 1636 2086 1727; x_wconf 79' lang='grc' dir='ltr'><strong><em>ἄλκιμοι</em></strong></span> <span class='ocrx_word' id='word_1_49' title='bbox 2126 1632 2374 1734; x_wconf 71' lang='grc' dir='ltr'><strong><em>ἀνέρες</em></strong></span> <span class='ocrx_word' id='word_1_50' title='bbox 2403 1639 2658 1730; x_wconf 80' lang='grc' dir='ltr'><strong><em>ἐσμέν,</em></strong></span> 
     </span>
     <span class='ocr_line' id='line_1_10' title="bbox 864 1731 2792 1836; baseline 0.004 -26"><span class='ocrx_word' id='word_1_51' title='bbox 864 1745 948 1810; x_wconf 83' lang='grc' dir='ltr'><strong>οἵ</strong></span> <span class='ocrx_word' id='word_1_52' title='bbox 963 1765 1082 1811; x_wconf 80' lang='grc' dir='ltr'><strong><em>κεν</em></strong></span> <span class='ocrx_word' id='word_1_53' title='bbox 1113 1731 1397 1836; x_wconf 79' lang='grc' dir='ltr'><strong><em>πρόσθε</em></strong></span> <span class='ocrx_word' id='word_1_54' title='bbox 1433 1738 1660 1834; x_wconf 78' lang='grc' dir='ltr'><strong><em>φίλων</em></strong></span> <span class='ocrx_word' id='word_1_55' title='bbox 1696 1741 1967 1814; x_wconf 80' lang='grc' dir='ltr'><strong><em>τοκέων</em></strong></span> <span class='ocrx_word' id='word_1_56' title='bbox 1995 1733 2279 1831; x_wconf 82' lang='grc' dir='ltr'><strong><em>α’λόχων</em></strong></span> <span class='ocrx_word' id='word_1_57' title='bbox 2305 1768 2388 1815; x_wconf 85' lang='grc' dir='ltr'><strong><em>τε</em></strong></span> <span class='ocrx_word' id='word_1_58' title='bbox 2418 1741 2537 1814; x_wconf 79' lang='grc' dir='ltr'><strong><em>καὶ</em></strong></span> <span class='ocrx_word' id='word_1_59' title='bbox 2575 1740 2792 1817; x_wconf 73' lang='grc' dir='ltr'><strong><em>υἱέων</em></strong></span> 
     </span>
     <span class='ocr_line' id='line_1_11' title="bbox 855 1832 1591 1937; baseline -0.003 -22"><span class='ocrx_word' id='word_1_60' title='bbox 855 1839 1088 1915; x_wconf 76' lang='grc' dir='ltr'><strong><em>Ἴλιον</em></strong></span> <span class='ocrx_word' id='word_1_61' title='bbox 1115 1832 1591 1937; x_wconf 77' lang='grc' dir='ltr'><strong><em>εἰρυόμεσθα.</em></strong></span> 
     </span>
    </p>
   </div>
   <div class='ocr_carea' id='block_1_7' title="bbox 762 1991 1048 2088">
    <p class='ocr_par' dir='ltr' id='par_1_7' title="bbox 762 1991 1048 2088">
     <span class='ocr_line' id='line_1_12' title="bbox 762 1991 1048 2088; baseline 0.014 -27"><span class='ocrx_word' id='word_1_62' title='bbox 762 2016 842 2088; x_wconf 86' lang='grc' dir='ltr'><strong>ψ.</strong></span> <span class='ocrx_word' id='word_1_63' title='bbox 872 1991 1048 2065; x_wconf 71' lang='lat'><strong>674.</strong></span> 
     </span>
    </p>
   </div>
   <div class='ocr_carea' id='block_1_8' title="bbox 862 2141 2745 2349">
    <p class='ocr_par' dir='ltr' id='par_1_8' title="bbox 862 2141 2745 2349">
     <span class='ocr_line' id='line_1_13' title="bbox 862 2141 2745 2244; baseline 0.002 -23"><span class='ocrx_word' id='word_1_64' title='bbox 862 2141 1248 2244; x_wconf 72' lang='grc' dir='ltr'><strong><em>κηδεμόνες</em></strong></span> <span class='ocrx_word' id='word_1_65' title='bbox 1273 2148 1358 2222; x_wconf 74' lang='grc' dir='ltr'><strong>δέ</strong></span> <span class='ocrx_word' id='word_1_66' title='bbox 1378 2153 1454 2221; x_wconf 82' lang='grc' dir='ltr'><strong>οἱ</strong></span> <span class='ocrx_word' id='word_1_67' title='bbox 1486 2141 1750 2223; x_wconf 72' lang='grc' dir='ltr'><strong><em>ἐνθάδ’</em></strong></span> <span class='ocrx_word' id='word_1_68' title='bbox 1783 2143 2074 2228; x_wconf 69' lang='grc' dir='ltr'><strong><em>ἀολλέες</em></strong></span> <span class='ocrx_word' id='word_1_69' title='bbox 2101 2142 2288 2221; x_wconf 77' lang='grc' dir='ltr'><strong><em>αὖθι</em></strong></span> <span class='ocrx_word' id='word_1_70' title='bbox 2321 2141 2697 2239; x_wconf 77' lang='grc' dir='ltr'><strong><em>μενόντων</em></strong></span> <span class='ocrx_word' id='word_1_71' title='bbox 2714 2204 2745 2241; x_wconf 88' lang='lat'><em>,</em></span> 
     </span>
     <span class='ocr_line' id='line_1_14' title="bbox 864 2242 2710 2349; baseline 0.001 -25"><span class='ocrx_word' id='word_1_72' title='bbox 864 2257 947 2325; x_wconf 82' lang='grc' dir='ltr'><strong>οἴ</strong></span> <span class='ocrx_word' id='word_1_73' title='bbox 964 2278 1041 2324; x_wconf 76' lang='grc' dir='ltr'><strong><em>ιιε</em></strong></span> <span class='ocrx_word' id='word_1_74' title='bbox 1077 2277 1210 2343; x_wconf 88' lang='grc' dir='ltr'><strong>μιν</strong></span> <span class='ocrx_word' id='word_1_75' title='bbox 1245 2249 1691 2344; x_wconf 74' lang='grc' dir='ltr'><strong><em>ἐξοίσουσιν,</em></strong></span> <span class='ocrx_word' id='word_1_76' title='bbox 1744 2251 1918 2348; x_wconf 79' lang='grc' dir='ltr'><strong><em>ἐμῇς</em></strong></span> <span class='ocrx_word' id='word_1_77' title='bbox 1951 2242 2099 2325; x_wconf 60' lang='lat' dir='ltr'><strong>vino*</strong></span> <span class='ocrx_word' id='word_1_78' title='bbox 2125 2249 2330 2349; x_wconf 82' lang='grc' dir='ltr'><strong><em>χερσὶ</em></strong></span> <span class='ocrx_word' id='word_1_79' title='bbox 2360 2252 2710 2346; x_wconf 80' lang='grc' dir='ltr'><strong><em>δαμέντα.</em></strong></span> 
     </span>
    </p>
   </div>
   <div class='ocr_carea' id='block_1_9' title="bbox 760 2402 2389 2496">
    <p class='ocr_par' dir='ltr' id='par_1_9' title="bbox 760 2402 2389 2496">
     <span class='ocr_line' id='line_1_15' title="bbox 760 2402 2389 2496; baseline -0.001 -22"><span class='ocrx_word' id='word_1_80' title='bbox 760 2404 906 2474; x_wconf 90' lang='lat' dir='ltr'><strong>Sed</strong></span> <span class='ocrx_word' id='word_1_81' title='bbox 941 2402 1192 2496; x_wconf 77' lang='lat' dir='ltr'><strong>Odyss.</strong></span> <span class='ocrx_word' id='word_1_82' title='bbox 1226 2432 1295 2476; x_wconf 90' lang='grc' dir='ltr'><strong><em>α.</em></strong></span> <span class='ocrx_word' id='word_1_83' title='bbox 1333 2402 1506 2473; x_wconf 74' lang='lat'><strong>4⁰3.</strong></span> <span class='ocrx_word' id='word_1_84' title='bbox 1540 2427 1683 2473; x_wconf 88' lang='lat' dir='ltr'><strong>non</strong></span> <span class='ocrx_word' id='word_1_85' title='bbox 1713 2412 1899 2474; x_wconf 90' lang='lat' dir='ltr'><strong>recte</strong></span> <span class='ocrx_word' id='word_1_86' title='bbox 1922 2404 2062 2496; x_wconf 82' lang='lat' dir='ltr'><strong>legi</strong></span> <span class='ocrx_word' id='word_1_87' title='bbox 2090 2402 2389 2491; x_wconf 85' lang='lat' dir='ltr'><strong>videtur,</strong></span> 
     </span>
    </p>
   </div>
   <div class='ocr_carea' id='block_1_10' title="bbox 748 2548 2995 4044">
    <p class='ocr_par' dir='ltr' id='par_1_10' title="bbox 860 2548 2738 2682">
     <span class='ocr_line' id='line_1_16' title="bbox 860 2548 2738 2682; baseline 0.003 -54"><span class='ocrx_word' id='word_1_88' title='bbox 860 2550 970 2655; x_wconf 80' lang='grc' dir='ltr'><strong>μῆ</strong></span> <span class='ocrx_word' id='word_1_89' title='bbox 1004 2548 1145 2656; x_wconf 79' lang='grc' dir='ltr'><strong>γοῖρ</strong></span> <span class='ocrx_word' id='word_1_90' title='bbox 1180 2552 1301 2651; x_wconf 74' lang='grc' dir='ltr'><strong>ὅγ’</strong></span> <span class='ocrx_word' id='word_1_91' title='bbox 1334 2557 1549 2631; x_wconf 76' lang='grc' dir='ltr'><strong><em>ἔλθοι</em></strong></span> <span class='ocrx_word' id='word_1_92' title='bbox 1577 2551 1785 2658; x_wconf 73' lang='grc' dir='ltr'><strong><em>ἁνήρ,</em></strong></span> <span class='ocrx_word' id='word_1_93' title='bbox 1850 2553 2041 2638; x_wconf 77' lang='grc' dir='ltr'><strong><em>ὅςτις</em></strong></span> <span class='ocrx_word' id='word_1_94' title='bbox 2070 2551 2148 2629; x_wconf 83' lang='grc' dir='ltr'><strong>σ’</strong></span> <span class='ocrx_word' id='word_1_95' title='bbox 2181 2551 2493 2631; x_wconf 69' lang='grc' dir='ltr'><strong><em>ἀέκοντα</em></strong></span> <span class='ocrx_word' id='word_1_96' title='bbox 2517 2555 2738 2682; x_wconf 54' lang='grc' dir='ltr'><strong><em>βίῃφι</em></strong></span> 
     </span>
    </p>

    <p class='ocr_par' dir='ltr' id='par_1_11' title="bbox 748 2652 2995 4044">
     <span class='ocr_line' id='line_1_17' title="bbox 863 2652 2676 2761; baseline -0.002 -27"><span class='ocrx_word' id='word_1_97' title='bbox 863 2652 1185 2756; x_wconf 75' lang='grc' dir='ltr'><strong><em>κτήματ’</em></strong></span> <span class='ocrx_word' id='word_1_98' title='bbox 1209 2657 1690 2761; x_wconf 66' lang='grc' dir='ltr'><strong><em>ἀπορραίσει,</em></strong></span> <span class='ocrx_word' id='word_1_99' title='bbox 1742 2653 2040 2755; x_wconf 68' lang='grc' dir='ltr'><strong><em>Ἰθάκης</em></strong></span> <span class='ocrx_word' id='word_1_100' title='bbox 2072 2661 2186 2734; x_wconf 84' lang='grc' dir='ltr'><strong>ἔτι</strong></span> <span class='ocrx_word' id='word_1_101' title='bbox 2215 2688 2676 2760; x_wconf 80' lang='grc' dir='ltr'><strong><em>ναιεταωσης.</em></strong></span> 
     </span>
     <span class='ocr_line' id='line_1_18' title="bbox 758 2808 2995 2918; baseline 0.003 -33"><span class='ocrx_word' id='word_1_102' title='bbox 758 2816 937 2885; x_wconf 92' lang='lat' dir='ltr'><strong>Nam</strong></span> <span class='ocrx_word' id='word_1_103' title='bbox 962 2821 1250 2906; x_wconf 86' lang='lat' dir='ltr'><strong>propter</strong></span> <span class='ocrx_word' id='word_1_104' title='bbox 1265 2808 1752 2909; x_wconf 74' lang='lat' dir='ltr'><strong>praegressum</strong></span> <span class='ocrx_word' id='word_1_105' title='bbox 1778 2813 2153 2906; x_wconf 83' lang='lat' dir='ltr'><strong>optativum</strong></span> <span class='ocrx_word' id='word_1_106' title='bbox 2182 2814 2613 2886; x_wconf 88' lang='lat' dir='ltr'><strong>scribendum</strong></span> <span class='ocrx_word' id='word_1_107' title='bbox 2643 2824 2744 2886; x_wconf 78' lang='lat' dir='ltr'><strong>est</strong></span> <span class='ocrx_word' id='word_1_108' title='bbox 2758 2812 2995 2918; x_wconf 77' lang='grc' dir='ltr'><strong><em>οἷποῤ-</em></strong></span> 
     </span>
     <span class='ocr_line' id='line_1_19' title="bbox 776 2913 1091 2992; baseline -0.022 -1"><span class='ocrx_word' id='word_1_109' title='bbox 776 2916 997 2992; x_wconf 66' lang='grc' dir='ltr'><strong><em>*αι’σει</em></strong></span> <span class='ocrx_word' id='word_1_110' title='bbox 1016 2913 1052 2984; x_wconf 82' lang='grc'><strong>”.</strong></span> <span class='ocrx_word' id='word_1_111' title='bbox 1085 2976 1091 2981; x_wconf 88' lang='grc'><strong><em>.</em></strong></span> 
     </span>
     <span class='ocr_line' id='line_1_20' title="bbox 756 2946 2992 3113; baseline 0.001 -24"><span class='ocrx_word' id='word_1_112' title='bbox 756 2946 801 3017; x_wconf 65' lang='grc' dir='ltr'><strong><em>ρ</em></strong></span> <span class='ocrx_word' id='word_1_113' title='bbox 965 3019 1153 3090; x_wconf 82' lang='lat' dir='ltr'><strong>Cave</strong></span> <span class='ocrx_word' id='word_1_114' title='bbox 1196 3040 1361 3089; x_wconf 84' lang='lat' dir='ltr'><strong>vero</strong></span> <span class='ocrx_word' id='word_1_115' title='bbox 1404 3028 1603 3113; x_wconf 80' lang='lat' dir='ltr'><strong>putes</strong></span> <span class='ocrx_word' id='word_1_116' title='bbox 1618 3023 1663 3105; x_wconf 81' lang='lat'><strong>‚&#39;</strong></span> <span class='ocrx_word' id='word_1_117' title='bbox 1693 3019 1748 3089; x_wconf 86' lang='lat' dir='ltr'><strong>si</strong></span> <span class='ocrx_word' id='word_1_118' title='bbox 1785 3019 2008 3088; x_wconf 86' lang='lat' dir='ltr'><strong>multis</strong></span> <span class='ocrx_word' id='word_1_119' title='bbox 2049 3020 2118 3088; x_wconf 91' lang='lat' dir='ltr'><strong>in</strong></span> <span class='ocrx_word' id='word_1_120' title='bbox 2149 3020 2316 3089; x_wconf 82' lang='lat' dir='ltr'><strong>locis</strong></span> <span class='ocrx_word' id='word_1_121' title='bbox 2369 3043 2589 3112; x_wconf 86' lang='lat' dir='ltr'><strong>aeque</strong></span> <span class='ocrx_word' id='word_1_122' title='bbox 2630 3020 2860 3092; x_wconf 83' lang='lat' dir='ltr'><strong>futuro</strong></span> <span class='ocrx_word' id='word_1_123' title='bbox 2906 3046 2992 3092; x_wconf 86' lang='lat' dir='ltr'><strong>ac</strong></span> 
     </span>
     <span class='ocr_line' id='line_1_21' title="bbox 755 3122 2993 3216; baseline 0 -21"><span class='ocrx_word' id='word_1_124' title='bbox 755 3123 1178 3195; x_wconf 85' lang='lat' dir='ltr'><strong>coniunctivo</strong></span> <span class='ocrx_word' id='word_1_125' title='bbox 1216 3122 1408 3192; x_wconf 88' lang='lat' dir='ltr'><strong>locus</strong></span> <span class='ocrx_word' id='word_1_126' title='bbox 1456 3132 1592 3211; x_wconf 84' lang='lat' dir='ltr'><strong>est,</strong></span> <span class='ocrx_word' id='word_1_127' title='bbox 1643 3123 1755 3192; x_wconf 77' lang='lat' dir='ltr'><strong>vel</strong></span> <span class='ocrx_word' id='word_1_128' title='bbox 1800 3124 2133 3216; x_wconf 86' lang='lat' dir='ltr'><strong>particula</strong></span> <span class='ocrx_word' id='word_1_129' title='bbox 2178 3122 2229 3196; x_wconf 77' lang='grc' dir='ltr'><strong>οἳ</strong></span> <span class='ocrx_word' id='word_1_130' title='bbox 2234 3151 2271 3195; x_wconf 86' lang='grc' dir='ltr'><strong><em>ν</em></strong></span> <span class='ocrx_word' id='word_1_131' title='bbox 2312 3132 2538 3193; x_wconf 83' lang='lat' dir='ltr'><strong>utrum</strong></span> <span class='ocrx_word' id='word_1_132' title='bbox 2577 3124 2871 3195; x_wconf 88' lang='lat' dir='ltr'><strong>addatur</strong></span> <span class='ocrx_word' id='word_1_133' title='bbox 2902 3149 2993 3196; x_wconf 89' lang='lat' dir='ltr'><strong>an</strong></span> 
     </span>
     <span class='ocr_line' id='line_1_22' title="bbox 752 3225 2994 3317; baseline 0.001 -20"><span class='ocrx_word' id='word_1_134' title='bbox 752 3251 888 3298; x_wconf 92' lang='lat' dir='ltr'><strong>non</strong></span> <span class='ocrx_word' id='word_1_135' title='bbox 945 3226 1270 3313; x_wconf 79' lang='lat' dir='ltr'><strong>addatur,</strong></span> <span class='ocrx_word' id='word_1_136' title='bbox 1339 3249 1590 3317; x_wconf 88' lang='lat' dir='ltr'><strong>parum</strong></span> <span class='ocrx_word' id='word_1_137' title='bbox 1643 3227 1887 3315; x_wconf 78' lang='lat' dir='ltr'>refert,</span> <span class='ocrx_word' id='word_1_138' title='bbox 1954 3225 2119 3294; x_wconf 83' lang='lat' dir='ltr'><strong>nihil</strong></span> <span class='ocrx_word' id='word_1_139' title='bbox 2178 3226 2573 3296; x_wconf 83' lang='lat' dir='ltr'><strong>discriminis</strong></span> <span class='ocrx_word' id='word_1_140' title='bbox 2626 3252 2773 3299; x_wconf 85' lang='lat' dir='ltr'><strong>esse</strong></span> <span class='ocrx_word' id='word_1_141' title='bbox 2817 3230 2994 3300; x_wconf 86' lang='lat' dir='ltr'><strong>inter</strong></span> 
     </span>
     <span class='ocr_line' id='line_1_23' title="bbox 752 3329 2992 3424; baseline 0 -23"><span class='ocrx_word' id='word_1_142' title='bbox 752 3329 875 3401; x_wconf 86' lang='lat' dir='ltr'><strong>has</strong></span> <span class='ocrx_word' id='word_1_143' title='bbox 910 3329 1234 3423; x_wconf 87' lang='lat' dir='ltr'><strong>loquendi</strong></span> <span class='ocrx_word' id='word_1_144' title='bbox 1260 3330 1570 3399; x_wconf 82' lang='lat' dir='ltr'><strong>rationes.</strong></span> <span class='ocrx_word' id='word_1_145' title='bbox 1640 3331 1821 3398; x_wconf 88' lang='lat' dir='ltr'><strong>Nam</strong></span> <span class='ocrx_word' id='word_1_146' title='bbox 1855 3329 2176 3401; x_wconf 76' lang='lat' dir='ltr'><strong>differunt</strong></span> <span class='ocrx_word' id='word_1_147' title='bbox 2201 3353 2362 3399; x_wconf 85' lang='lat' dir='ltr'><strong>sane</strong></span> <span class='ocrx_word' id='word_1_148' title='bbox 2376 3380 2399 3420; x_wconf 85' lang='lat'>,</span> <span class='ocrx_word' id='word_1_149' title='bbox 2452 3330 2576 3400; x_wconf 88' lang='lat' dir='ltr'><strong>sed</strong></span> <span class='ocrx_word' id='word_1_150' title='bbox 2614 3355 2820 3424; x_wconf 84' lang='lat' dir='ltr'><strong>saepe</strong></span> <span class='ocrx_word' id='word_1_151' title='bbox 2847 3356 2992 3403; x_wconf 88' lang='lat' dir='ltr'><strong>non</strong></span> 
     </span>
     <span class='ocr_line' id='line_1_24' title="bbox 751 3432 2990 3524; baseline 0.001 -20"><span class='ocrx_word' id='word_1_152' title='bbox 751 3436 1037 3504; x_wconf 89' lang='lat' dir='ltr'><strong>multum</strong></span> <span class='ocrx_word' id='word_1_153' title='bbox 1087 3436 1396 3520; x_wconf 85' lang='lat' dir='ltr'><strong>interest,</strong></span> <span class='ocrx_word' id='word_1_154' title='bbox 1440 3433 1602 3502; x_wconf 80' lang='lat' dir='ltr'><strong>hoc</strong></span> <span class='ocrx_word' id='word_1_155' title='bbox 1661 3456 1749 3501; x_wconf 88' lang='lat' dir='ltr'><strong>an</strong></span> <span class='ocrx_word' id='word_1_156' title='bbox 1801 3433 1917 3501; x_wconf 91' lang='lat' dir='ltr'><strong>illo</strong></span> <span class='ocrx_word' id='word_1_157' title='bbox 1976 3432 2184 3501; x_wconf 89' lang='lat' dir='ltr'><strong>modo</strong></span> <span class='ocrx_word' id='word_1_158' title='bbox 2232 3435 2534 3524; x_wconf 81' lang='lat' dir='ltr'><strong>loquare.</strong></span> <span class='ocrx_word' id='word_1_159' title='bbox 2644 3435 2778 3505; x_wconf 86' lang='lat' dir='ltr'><strong>vbi</strong></span> <span class='ocrx_word' id='word_1_160' title='bbox 2817 3459 2990 3507; x_wconf 77' lang='lat' dir='ltr'><strong>vero</strong></span> 
     </span>
     <span class='ocr_line' id='line_1_25' title="bbox 750 3535 2990 3628; baseline 0.001 -21"><span class='ocrx_word' id='word_1_161' title='bbox 750 3537 1006 3627; x_wconf 91' lang='lat' dir='ltr'><strong>aliquid</strong></span> <span class='ocrx_word' id='word_1_162' title='bbox 1057 3538 1335 3605; x_wconf 82' lang='lat' dir='ltr'><strong>interest</strong></span> <span class='ocrx_word' id='word_1_163' title='bbox 1348 3586 1372 3628; x_wconf 82' lang='lat'><strong>,</strong></span> <span class='ocrx_word' id='word_1_164' title='bbox 1452 3537 1656 3606; x_wconf 84' lang='lat' dir='ltr'><strong>facile</strong></span> <span class='ocrx_word' id='word_1_165' title='bbox 1715 3535 1944 3605; x_wconf 85' lang='lat' dir='ltr'><strong>videas</strong></span> <span class='ocrx_word' id='word_1_166' title='bbox 1959 3587 1980 3622; x_wconf 87' lang='lat'><strong>‚</strong></span> <span class='ocrx_word' id='word_1_167' title='bbox 2063 3536 2229 3626; x_wconf 90' lang='lat' dir='ltr'><strong>quid</strong></span> <span class='ocrx_word' id='word_1_168' title='bbox 2282 3536 2616 3606; x_wconf 84' lang='lat' dir='ltr'><strong>differant.</strong></span> <span class='ocrx_word' id='word_1_169' title='bbox 2721 3538 2990 3609; x_wconf 85' lang='lat' dir='ltr'><strong>Indicat</strong></span> 
     </span>
     <span class='ocr_line' id='line_1_26' title="bbox 752 3640 2985 3731; baseline 0.001 -21"><span class='ocrx_word' id='word_1_170' title='bbox 752 3640 929 3711; x_wconf 87' lang='lat' dir='ltr'><strong>enim</strong></span> <span class='ocrx_word' id='word_1_171' title='bbox 973 3641 1274 3709; x_wconf 83' lang='lat' dir='ltr'><strong>futurum</strong></span> <span class='ocrx_word' id='word_1_172' title='bbox 1306 3663 1387 3707; x_wconf 90' lang='lat' dir='ltr'><strong>ea</strong></span> <span class='ocrx_word' id='word_1_173' title='bbox 1401 3688 1422 3726; x_wconf 86' lang='lat'>‚</span> <span class='ocrx_word' id='word_1_174' title='bbox 1475 3663 1654 3730; x_wconf 87' lang='lat' dir='ltr'><strong>quae</strong></span> <span class='ocrx_word' id='word_1_175' title='bbox 1693 3640 2082 3731; x_wconf 90' lang='lat' dir='ltr'><strong>simpliciter</strong></span> <span class='ocrx_word' id='word_1_176' title='bbox 2116 3649 2190 3709; x_wconf 90' lang='lat' dir='ltr'><strong>ut</strong></span> <span class='ocrx_word' id='word_1_177' title='bbox 2218 3640 2445 3709; x_wconf 87' lang='lat' dir='ltr'><strong>futura</strong></span> <span class='ocrx_word' id='word_1_178' title='bbox 2485 3664 2985 3713; x_wconf 85' lang='lat' dir='ltr'><strong>commemora-</strong></span> 
     </span>
     <span class='ocr_line' id='line_1_27' title="bbox 748 3741 2985 3840; baseline 0.001 -28"><span class='ocrx_word' id='word_1_179' title='bbox 748 3766 920 3831; x_wconf 72' lang='grc' dir='ltr'><strong>ιιιιιε,</strong></span> <span class='ocrx_word' id='word_1_180' title='bbox 953 3744 1197 3834; x_wconf 87' lang='lat' dir='ltr'><strong>quibus</strong></span> <span class='ocrx_word' id='word_1_181' title='bbox 1228 3743 1283 3811; x_wconf 87' lang='lat' dir='ltr'><strong>si</strong></span> <span class='ocrx_word' id='word_1_182' title='bbox 1313 3741 1581 3811; x_wconf 82' lang='lat' dir='ltr'><strong>additur</strong></span> <span class='ocrx_word' id='word_1_183' title='bbox 1610 3741 1704 3816; x_wconf 75' lang='grc' dir='ltr'><strong>ἂν</strong></span> <span class='ocrx_word' id='word_1_184' title='bbox 1736 3743 1848 3812; x_wconf 81' lang='lat' dir='ltr'><strong>vel</strong></span> <span class='ocrx_word' id='word_1_185' title='bbox 1880 3745 2027 3833; x_wconf 75' lang='grc' dir='ltr'><strong>κέν,</strong></span> <span class='ocrx_word' id='word_1_186' title='bbox 2065 3742 2254 3813; x_wconf 89' lang='lat' dir='ltr'><strong>haud</strong></span> <span class='ocrx_word' id='word_1_187' title='bbox 2287 3753 2472 3813; x_wconf 85' lang='lat' dir='ltr'><strong>certo</strong></span> <span class='ocrx_word' id='word_1_188' title='bbox 2502 3745 2733 3815; x_wconf 86' lang='lat' dir='ltr'><strong>futura</strong></span> <span class='ocrx_word' id='word_1_189' title='bbox 2757 3747 2985 3840; x_wconf 79' lang='lat' dir='ltr'><strong>signi-</strong></span> 
     </span>
     <span class='ocr_line' id='line_1_28' title="bbox 748 3845 2984 3941; baseline 0.002 -26"><span class='ocrx_word' id='word_1_190' title='bbox 748 3849 1050 3916; x_wconf 64' lang='lat' dir='ltr'><strong>ficamus</strong></span> <span class='ocrx_word' id='word_1_191' title='bbox 1159 3845 1639 3915; x_wconf 84' lang='lat' dir='ltr'><strong>Coniunctivus</strong></span> <span class='ocrx_word' id='word_1_192' title='bbox 1680 3857 1908 3916; x_wconf 84' lang='lat' dir='ltr'><strong>autem</strong></span> <span class='ocrx_word' id='word_1_193' title='bbox 1939 3856 2322 3938; x_wconf 82' lang='lat' dir='ltr'><strong>usurpatur,</strong></span> <span class='ocrx_word' id='word_1_194' title='bbox 2378 3847 2493 3915; x_wconf 88' lang='lat' dir='ltr'><strong>ubi</strong></span> <span class='ocrx_word' id='word_1_195' title='bbox 2528 3850 2984 3941; x_wconf 79' lang='lat' dir='ltr'><strong>experientiae</strong></span> 
     </span>
     <span class='ocr_line' id='line_1_29' title="bbox 749 3950 2983 4044; baseline 0.002 -24"><span class='ocrx_word' id='word_1_196' title='bbox 749 3950 1224 4042; x_wconf 79' lang='lat' dir='ltr'><strong>comprobatio</strong></span> <span class='ocrx_word' id='word_1_197' title='bbox 1262 3950 1651 4041; x_wconf 83' lang='lat' dir='ltr'><strong>respicitur,</strong></span> <span class='ocrx_word' id='word_1_198' title='bbox 1701 3951 1771 4018; x_wconf 90' lang='lat' dir='ltr'><strong>in</strong></span> <span class='ocrx_word' id='word_1_199' title='bbox 1816 3971 1955 4042; x_wconf 91' lang='lat' dir='ltr'><strong>quo</strong></span> <span class='ocrx_word' id='word_1_200' title='bbox 1986 3973 2242 4044; x_wconf 82' lang='lat' dir='ltr'><strong>genere</strong></span> <span class='ocrx_word' id='word_1_201' title='bbox 2277 3959 2511 4041; x_wconf 87' lang='lat' dir='ltr'><strong>potest</strong></span> <span class='ocrx_word' id='word_1_202' title='bbox 2543 3951 2706 4021; x_wconf 87' lang='lat' dir='ltr'><strong>addi</strong></span> <span class='ocrx_word' id='word_1_203' title='bbox 2746 3952 2840 4026; x_wconf 74' lang='grc' dir='ltr'><strong>ἄν</strong></span> <span class='ocrx_word' id='word_1_204' title='bbox 2872 3955 2983 4024; x_wconf 70' lang='lat' dir='ltr'><strong>vel</strong></span> 
     </span>
    </p>
   </div>
   <div class='ocr_carea' id='block_1_11' title="bbox 690 4053 2982 4249">
    <p class='ocr_par' dir='ltr' id='par_1_12' title="bbox 690 4053 2982 4249">
     <span class='ocr_line' id='line_1_30' title="bbox 745 4053 2982 4148; baseline -0 -20"><span class='ocrx_word' id='word_1_205' title='bbox 745 4056 889 4139; x_wconf 77' lang='grc' dir='ltr'><strong><em>κέν,</em></strong></span> <span class='ocrx_word' id='word_1_206' title='bbox 940 4054 995 4123; x_wconf 87' lang='lat' dir='ltr'><strong>si</strong></span> <span class='ocrx_word' id='word_1_207' title='bbox 1025 4053 1472 4144; x_wconf 84' lang='lat' dir='ltr'><strong>vocabulum,</strong></span> <span class='ocrx_word' id='word_1_208' title='bbox 1527 4054 1635 4121; x_wconf 89' lang='lat' dir='ltr'><strong>cui</strong></span> <span class='ocrx_word' id='word_1_209' title='bbox 1663 4053 2004 4139; x_wconf 86' lang='lat' dir='ltr'><strong>adiicitur,</strong></span> <span class='ocrx_word' id='word_1_210' title='bbox 2059 4054 2516 4124; x_wconf 85' lang='lat' dir='ltr'><strong>conditionem</strong></span> <span class='ocrx_word' id='word_1_211' title='bbox 2554 4057 2853 4148; x_wconf 80' lang='lat' dir='ltr'><strong>aliqum</strong></span> <span class='ocrx_word' id='word_1_212' title='bbox 2882 4059 2982 4128; x_wconf 90' lang='lat' dir='ltr'><strong>rei</strong></span> 
     </span>
     <span class='ocr_line' id='line_1_31' title="bbox 690 4154 2319 4249; baseline -0.001 -22"><span class='ocrx_word' id='word_1_213' title='bbox 690 4248 693 4249; x_wconf 11' lang='lat'><em>7</em></span> <span class='ocrx_word' id='word_1_214' title='bbox 744 4154 1057 4227; x_wconf 77' lang='lat' dir='ltr'><strong>fortuitae</strong></span> <span class='ocrx_word' id='word_1_215' title='bbox 1091 4156 1397 4226; x_wconf 84' lang='lat' dir='ltr'><strong>admittit.</strong></span> <span class='ocrx_word' id='word_1_216' title='bbox 1502 4156 1606 4225; x_wconf 84' lang='lat' dir='ltr'><strong>Ita</strong></span> <span class='ocrx_word' id='word_1_217' title='bbox 1629 4156 1798 4226; x_wconf 88' lang='lat' dir='ltr'><strong>illud</strong></span> <span class='ocrx_word' id='word_1_218' title='bbox 1835 4155 2024 4225; x_wconf 87' lang='lat' dir='ltr'><strong>Iliad.</strong></span> <span class='ocrx_word' id='word_1_219' title='bbox 2058 4185 2112 4231; x_wconf 85' lang='grc' dir='ltr'><strong><em>ε.</em></strong></span> <span class='ocrx_word' id='word_1_220' title='bbox 2144 4155 2319 4226; x_wconf 73' lang='grc' dir='ltr'><strong>4οΊ.</strong></span> 
     </span>
    </p>
   </div>
   <div class='ocr_carea' id='block_1_12' title="bbox 741 4315 2982 4576">
    <p class='ocr_par' dir='ltr' id='par_1_13' title="bbox 741 4315 2982 4576">
     <span class='ocr_line' id='line_1_32' title="bbox 844 4315 2721 4430; baseline 0 -27"><span class='ocrx_word' id='word_1_221' title='bbox 844 4327 1013 4405; x_wconf 86' lang='grc' dir='ltr'><strong><em>ὅττι</em></strong></span> <span class='ocrx_word' id='word_1_222' title='bbox 1035 4322 1225 4424; x_wconf 71' lang='grc' dir='ltr'><strong>μάλ’</strong></span> <span class='ocrx_word' id='word_1_223' title='bbox 1260 4324 1350 4401; x_wconf 81' lang='grc' dir='ltr'><strong>οὖ</strong></span> <span class='ocrx_word' id='word_1_224' title='bbox 1380 4315 1714 4428; x_wconf 72' lang='grc' dir='ltr'><strong><em>δηναιός,</em></strong></span> <span class='ocrx_word' id='word_1_225' title='bbox 1757 4328 1833 4409; x_wconf 84' lang='grc' dir='ltr'><strong>ὀς</strong></span> <span class='ocrx_word' id='word_1_226' title='bbox 1865 4322 2324 4404; x_wconf 68' lang='grc' dir='ltr'><strong><em>ἀθανάτοισι</em></strong></span> <span class='ocrx_word' id='word_1_227' title='bbox 2350 4323 2721 4430; x_wconf 83' lang='grc' dir='ltr'><strong><em>μα’χηται,</em></strong></span> 
     </span>
     <span class='ocr_line' id='line_1_33' title="bbox 741 4481 2982 4576; baseline -0 -22"><span class='ocrx_word' id='word_1_228' title='bbox 741 4506 941 4554; x_wconf 84' lang='lat' dir='ltr'><strong>nemo</strong></span> <span class='ocrx_word' id='word_1_229' title='bbox 983 4506 1121 4553; x_wconf 88' lang='lat' dir='ltr'><strong>non</strong></span> <span class='ocrx_word' id='word_1_230' title='bbox 1152 4481 1337 4553; x_wconf 82' lang='lat' dir='ltr'><strong>videt</strong></span> <span class='ocrx_word' id='word_1_231' title='bbox 1355 4534 1376 4569; x_wconf 86' lang='lat'><strong>‚</strong></span> <span class='ocrx_word' id='word_1_232' title='bbox 1430 4484 1631 4553; x_wconf 84' lang='lat' dir='ltr'><strong>etiam</strong></span> <span class='ocrx_word' id='word_1_233' title='bbox 1672 4481 1911 4552; x_wconf 78' lang='lat' dir='ltr'><strong>addito</strong></span> <span class='ocrx_word' id='word_1_234' title='bbox 1948 4481 2041 4558; x_wconf 72' lang='grc' dir='ltr'><strong>ἄν</strong></span> <span class='ocrx_word' id='word_1_235' title='bbox 2088 4483 2225 4551; x_wconf 87' lang='lat' dir='ltr'><strong>dici</strong></span> <span class='ocrx_word' id='word_1_236' title='bbox 2253 4483 2575 4576; x_wconf 85' lang='lat' dir='ltr'><strong>potuisse.</strong></span> <span class='ocrx_word' id='word_1_237' title='bbox 2681 4482 2830 4553; x_wconf 87' lang='lat' dir='ltr'><strong>Sed</strong></span> <span class='ocrx_word' id='word_1_238' title='bbox 2876 4493 2982 4556; x_wconf 83' lang='lat' dir='ltr'><strong>est</strong></span> 
     </span>
    </p>
   </div>
  </div>
 </body>
</html>
