3259 5275
1106 513 1281 578 LIB.
1326 515 1375 578 1.
1464 516 1657 582 cAP.
1698 521 1762 584 8.
2453 525 2544 591 87

318 705 745 775 fendendum
797 704 1146 795 iudicavit,
1212 707 1406 799 qnod
1441 709 1510 782 in
1549 709 1733 797 Nnb.
1782 705 2007 784 1157.
2052 711 2203 782 libri
2243 712 2539 804 quidam,

317 810 387 877 in
413 811 636 901 iisqne
674 811 1034 882 Ravennae
1058 811 1314 882 habeut
1328 862 1350 900 ,
1528 839 1535 848 ·

629 959 842 1041 οὐδὲν
877 958 1019 1065 γοῖρ
1056 965 1149 1041 ἄν
1177 996 1277 1063 με
1316 967 1656 1076 ,φλαῦρον
1691 964 2086 1069 ἐργάσεσθ’
2115 969 2254 1046 ἔτι.

310 1117 428 1186 ubi
474 1117 593 1187 alii
640 1118 791 1186 libri
838 1115 1276 1217 ἐργάσαισθ’
1320 1123 1671 1215 exhibent,
1742 1146 1878 1194 non
1921 1133 2066 1194 erat
2113 1149 2235 1195 cur
2276 1127 2346 1196 in
2388 1129 2539 1220 pari

313 1244 561 1291 caussa
596 1222 907 1291 eamdem
937 1227 1498 1296 constructionem
1526 1228 1893 1297 damnaret.
1997 1228 2141 1297 Sed
2179 1253 2402 1320 neque
2432 1231 2537 1301 his

312 1324 695 1416 quidquam
721 1326 1150 1397 tribuendum
1169 1380 1191 1418 ,
1240 1353 1461 1421 neque
1489 1331 1729 1423 Eutip·
1757 1331 2084 1401 Androm.
2114 1330 2287 1403 239.

633 1474 764 1553 ουίι
801 1478 893 1553 ἄν
926 1482 1160 1582 σιωπῇ
1189 1477 1569 1583 Κύπριδος
1595 1478 1924 1582 α’λγήσεις
1951 1487 2117 1584 πέρι
2133 1513 2165 1579 ‚·

311 1634 425 1702 nbi
449 1635 715 1725 pariter
745 1637 945 1708 codd.
986 1638 1260 1728 quidam
1286 1635 1416 1712 ουίι
1446 1635 1583 1729 αὖ,
1636 1640 1760 1708 viri
1784 1639 1970 1710 docti
1995 1648 2222 1711 autem
2252 1639 2534 1717 οὔκουν.

310 1736 385 1805 ln
412 1738 851 1832 Thesmoph.
888 1739 1061 1814 814.
1091 1764 1226 1811 ιιοιι
1253 1752 1438 1812 recte
1471 1744 1753 1837 legitur,

628 1888 795 1965 ἀλλ’
826 1889 1031 1990 ἡμεῖς
1062 1893 1154 1968 ἄν
1184 1889 1492 1978 πολλοῦς
1521 1889 1806 1970 τούτων

628 1992 1106 2091 ἀποδείξομεν
1138 1997 1378 2073 ταῦτα
1411 2000 1826 2082 ποιοῦντας.

308 2151 443 2221 vbi
476 2173 693 2241 quum
719 2150 829 2220 alii
869 2147 1359 2244 ἀποδείξωμεν
1386 2156 1757 2250 corrigant,
1807 2151 1973 2224 mihi
2002 2156 2227 2247 potius
2270 2161 2537 2223 servato

311 2251 800 2348 α’ποδείξομεν
833 2255 1096 2324 videtur
1131 2252 1232 2329 αὖ
1259 2280 1391 2349 pro
1427 2257 1556 2346 ἄν,
1613 2269 1683 2328 et
1708 2252 1904 2331 αὐτοὶ
1938 2281 2070 2351 pro
2099 2259 2339 2330 ταῦτα
2368 2258 2538 2327 scri-

306 2357 616 2426 bendum
645 2381 830 2447 esse,
882 2367 958 2426 nt
992 2358 1065 2427 hi
1097 2357 1234 2427 duo
1262 2384 1493 2430 versus
1529 2362 1597 2430 in
1641 2384 1849 2432 unum
1880 2370 2339 2430 tetrametrum
2369 2383 2536 2429 con-

307 2462 694 2554 iungantur.
800 2461 1012 2547 Quod
1037 2463 1358 2555 scriptum
1387 2473 1487 2533 est
1526 2464 1716 2557 apud
1762 2463 2077 2557 Xenoph.
2107 2462 2371 2556 Ephes.
2412 2463 2531 2531 111.

307 2562 376 2632 8.
423 2588 507 2657 p.
550 2562 674 2652 66,
722 2562 793 2635 9.
839 2559 928 2639 οὐ
965 2558 1106 2661 γοῖρ
1149 2567 1496 2641 ἐντεῦθέν
1535 2570 1641 2662 με’
1681 2594 1796 2649 τις
1837 2570 2188 2656 ἐξέλοιτο,
2242 2562 2402 2641 οὐδ’
2445 2565 2538 2640 ἄν

309 2667 646 2759 ἐπίδοιμι
695 2663 829 2741 τόν
879 2665 1085 2764 ἥλιον
1100 2722 1130 2758 ,
1184 2665 1349 2743 οὐδ’
1390 2669 1484 2742 ἄν
1530 2674 1626 2752 εἰς
1663 2671 1811 2767 φῶς
1852 2664 2280 2760 ἐλεύσομαι,
2333 2670 2403 2738 ἰιι
2451 2692 2537 2739 eo

308 2771 577 2839 facilius
621 2771 796 2839 feras
827 2769 919 2844 ἄν
948 2771 1177 2839 futuro
1204 2772 1507 2841 additum
1523 2821 1546 2859 ‚
1598 2797 1805 2865 quam
1831 2797 1967 2842 non
1999 2773 2301 2841 additum
2331 2782 2536 2865 opta-

306 2875 467 2943 tivo.
544 2873 690 2942 Sed
716 2874 852 2942 hoc
885 2897 1105 2966 genus
1137 2876 1541 2968 scriptorum
1567 2900 1704 2947 non
1733 2887 1833 2946 est
1867 2878 1937 2948 in
1970 2877 2293 2970 exemplis
2317 2898 2537 2969 purae

310 2977 620 3045 dictionis
644 2977 1055 3048 habendum.

515 3078 611 3147 Vt
653 3082 854 3149 etiam
887 3079 964 3160 ὃς
995 3080 1090 3154 ἄν
1131 3103 1286 3149 cuin
1325 3080 1554 3151 futuro
1595 3106 2241 3172 commemoremm,
2275 3082 2536 3153 inveni-

312 3191 420 3251 tur
454 3182 529 3250 id
567 3183 757 3274 apud
792 3184 1168 3275 Polybium
1202 3186 1580 3258 XXXVIII.
1610 3185 1683 3274 5,
1714 3186 1783 3259 7.
1820 3186 1939 3261 καὶ
1967 3188 2536 3306 προςεμέτρησεν

314 3291 568 3381 ἕτερον
613 3280 958 3380 ψήφισμα
1004 3280 1474 3383 παράνομον,
1558 3318 1734 3371 ωςτε
1791 3288 2076 3414 κυρίους
2128 3285 2318 3363 εἶναι
2365 3312 2539 3368 τους

315 3382 800 3481 ανθρώτους,
857 3387 976 3470 οὓς
1008 3419 1099 3462 αν
1127 3390 1242 3463 ἐπι
1270 3391 1674 3489 στρατηγίᾳ
1706 3385 2162 3487 αἱρήσονται.
2264 3390 2400 3459 Vbi
2431 3390 2537 3457 vi-

316 3490 657 3577 dendum,
708 3501 931 3559 utrum
972 3521 1064 3565 αν
1115 3492 1359 3580 deleri,
1426 3518 1549 3581 an,
1612 3495 1804 3586 qnod
1845 3493 2535 3587 Schweighaeuserun

314 3594 507 3677 fecit,
563 3588 1010 3689 αἱρήσωνται
1044 3598 1245 3664 scribi
1278 3596 1547 3683 debeat,
1600 3599 1691 3668 de
1718 3621 1856 3689 qna
1885 3597 2111 3667 aoristi
2141 3599 2362 3666 {orma
2393 3596 2537 3666 dis-

315 3698 575 3789 putavit
627 3697 1014 3768 Lobeckius
1076 3699 1167 3766 ad
1219 3700 1476 3790 Phryn.
1520 3725 1592 3794 p.
1641 3700 1814 3771 716.
1846 3724 2036 3791 seqq.
2137 3700 2348 3794 Apud
2375 3701 2537 3769 Pla-

315 3812 540 3869 tonem
586 3799 675 3867 de
707 3801 936 3925 Legg.
970 3802 1121 3870 ΧΠ.
1147 3826 1219 3895 p.
1260 3801 1432 3876 947.
1466 3803 1547 3873 C.
1590 3814 1777 3876 recte
1807 3804 2034 3874 Aetius
2085 3826 2169 3873 ex
2204 3803 2539 3896 Stephani

319 3904 806 3994 emendatione,
863 3904 986 3983 οὓς
1033 3934 1125 3979 αν
1174 3909 1246 3976 οι
1281 3900 1752 4003 προςήκοντες
1795 3907 1939 3981 τοῦ
1974 3900 2540 4006 τελευτήσαντος

318 4000 778 4098 ἑπόψωνται,
851 4008 1243 4075 confirmata
1297 4010 1386 4077 ab
1444 4031 1579 4078 uno
1642 4010 1993 4079 duobusve
2051 4008 2255 4081 codd.
2359 4009 2539 4078 Vide

316 4107 744 4179 Lobeckium
775 4109 863 4177 ad
887 4111 1141 4203 Phryn.
1173 4135 1243 4202 p.
1284 4111 1335 4180 7
1339 4110 1459 4184 34
1558 4114 1642 4184 In
1672 4112 2111 4204 Euthydemo
2138 4136 2210 4206 p.
2238 4110 2410 4182 299.
2447 4111 2534 4180 l).

321 4213 387 4282 εἰ
435 4209 613 4301 οὖν,
667 4207 715 4307 ἦ
758 4209 826 4286 δ’
866 4210 988 4295 ὅς..
1040 4209 1368 4307 δεόμεθα
1411 4212 1679 4314 ἐκείνης
1715 4217 1844 4312 τῆς
1880 4219 2176 4313 τέχνης,
2240 4212 2400 4336 ἥτις
2444 4240 2538 4287 αν

324 4309 377 4407 ᾧ
416 4341 507 4387 αν
560 4308 909 4410 κτήσηται
961 4315 1006 4405 ἢ
1055 4311 1423 4413 ποιήσασα
1463 4316 1511 4414 ἢ
1570 4320 2117 4442 θηρευσαμένη,
2179 4344 2364 4414 αυτη
2418 4314 2539 4388 καὶ

325 4412 787 4514 ἐπιστήσεται
809 4419 1153 4515 χρῆσθαι,
1207 4420 1326 4494 και
1351 4418 1394 4509 ἦ
1429 4447 1741 4518 τοιαυτη
1769 4415 2058 4517 ποιήσει
2084 4418 2271 4517 ἡμᾶς
2294 4444 2535 4512 μακα-

326 4517 558 4614 vl'ovc,
611 4518 837 4616 ἄλλην
879 4517 967 4621 δή
999 4550 1199 4614 τινα,
1253 4525 1434 4623 ἔφη,
1487 4529 1824 4625 ζητητέον
1853 4521 2021 4600 ᾰντι
2062 4525 2187 4618 τῆς
2220 4545 2537 4618 στρατη-
