3259 5275
569 432 669 495 ns
694 402 1365 528 mscnn’nomnvs
1393 430 1846 507 QvtsvsnAM
1877 431 2224 496 camele.
2370 437 2500 502 829

395 623 540 711 [οὓς
590 623 668 698 δὲ
718 618 1010 710 π]ο’νους
1062 622 1553 720 προφέρεσκεν
1608 624 1751 721 [ἑῆς
1805 630 1905 713 fin
1959 618 2206 722 νηδύος
2250 624 2493 724 ἁγνῆς,

617 732 818 815 [τ]οΐς
869 724 1222 823 χαίρουσα
1280 725 1566 822 ‹pii-[otc]
1619 728 1843 802 πᾶσιν
1897 724 2183 825 άληθ[ὲς
2234 726 2396 818 nint]

298 898 468 968 Num
522 898 699 968 haec
747 922 908 968 vera
951 920 1099 966 esse
1138 898 1435 991 possint,
1503 900 1882 970 accuratior
1939 900 2233 992 cognitio
2273 901 2492 972 doce-

296 1000 406 1070 bit.
510 1002 593 1073 V.
631 1002 702 1076 2.
770 1001 1169 1071 Welckerus
1217 999 1876 1077 ΦΛΩΡΕΝΤΙΩ
1918 1014 2131 1072 mutat
2169 1004 2238 1071 in
2281 1008 2494 1079 Φλω-

297 1106 601 1196 ρέντιος,
667 1104 858 1197 quod
901 1106 1184 1173 alterum
1223 1126 1472 1172 nomen
1513 1105 1861 1196 Apollonii
1900 1108 2016 1190 sit,
2082 1107 2241 1197 quia
2279 1112 2495 1183 Φλω-

212 1251 226 1263 »
297 1210 696 1296 ρε’ντιον“ιιῐ
726 1231 973 1277 nomen
1006 1208 1296 1277 feminae
1335 1218 1723 1300 suspectum
1764 1210 1863 1278 sit.
1967 1210 2123 1278 Hoc
2165 1214 2496 1302 posterius

295 1310 564 1401 quidem
616 1313 815 1381 facile
871 1312 1087 1402 quivis
1145 1310 1505 1380 concedet:
1576 1312 1700 1380 sed
1752 1312 1892 1381 veri
1946 1324 2173 1382 tamen
2222 1315 2492 1388 similius

292 1414 584 1501 videtur,
654 1415 1086 1485 scribendum
1130 1437 1279 1483 esse
1320 1415 1760 1510 Φλωρεντίᾳ.
1878 1415 2310 1508 Quamquam
2357 1420 2495 1489 hoc

291 1517 376 1585 ad
414 1542 750 1588 summam
786 1521 937 1588 leve
981 1527 1102 1588 est.
1205 1517 1292 1590 V.
1323 1516 1392 1585 3.
1445 1527 1666 1610 primo
1693 1529 1980 1588 metrum
2020 1521 2326 1591 vitiosum
2373 1536 2493 1611 est,

291 1620 532 1691 deinde
581 1615 985 1718 τελεθούση
1042 1622 1484 1690 nominativus
1538 1632 1784 1714 peccat
1833 1624 1903 1690 in
1960 1627 2490 1716 grammaticam.

291 1725 491 1810 Quod
547 1728 640 1794 ait
708 1725 1144 1813 Welckerus‚
1217 1724 1699 1817 „singularis
1750 1726 2020 1796 locutio
2074 1736 2186 1797 eet
2234 1729 2494 1818 βίοτον

288 1822 776 1927 τελεθούση,“
826 1851 1063 1898 verum
1091 1838 1303 1914 esset,
1349 1828 1567 1896 sinon
1594 1841 1771 1898 esset
1810 1852 2122 1930 uumerus
2156 1830 2490 1903 adiectus:
2574 1860 2581 1871 ·

288 1953 419 2021 quo
457 1931 697 2001 addito
750 1955 881 2001 non
925 1932 1142 2024 magis
1189 1931 1560 2022 quidquam
1606 1927 1943 2025 singulare
1997 1934 2063 2001 in
2103 1934 2322 2004 verbis
2365 1937 2491 2006 illis

288 2044 414 2123 est,
463 2058 676 2126 quam
723 2035 781 2104 si
821 2034 1077 2103 dictum
1127 2044 1303 2103 esset
1345 2034 1604 2127 βίοτον
1638 2037 2200 2131 τριακονταὲτις.
2304 2039 2386 2108 V.
2420 2040 2490 2109 4.

288 2143 447 2212 ΛΗ
470 2140 761 2225 litterae,
812 2162 988 2228 quae
1013 2138 1276 2206 inutiles
1302 2136 1372 2206 in
1406 2138 1741 2231 principio
1771 2140 2036 2231 positae
2069 2150 2251 2228 suut,
2295 2143 2491 2211 wel-

291 2241 524 2312 ckerus
570 2265 657 2313 ex
705 2241 863 2316 GH
892 2240 1367 2335 praecedentis
1415 2264 1646 2312 versus
1690 2252 1945 2312 temere
1989 2245 2308 2336 repetitas
2354 2269 2491 2338 pu-

288 2354 397 2413 tat.
498 2346 597 2415 At
639 2343 1216 2436 quemadmodum
1257 2343 1394 2413 hoc
1444 2367 1692 2437 parum
1742 2346 2135 2439 probabile,
2185 2349 2281 2417 sic
2323 2348 2492 2420 illud

286 2471 360 2518 re
388 2449 776 2542 diligentius
809 2471 1103 2541 expensa
1130 2450 1472 2539 aliquanto
1498 2451 1643 2519 veri
1673 2449 1945 2520 similius
1979 2450 2265 2541 videtur,
2303 2464 2489 2524 recte

288 2574 359 2621 se
402 2552 659 2622 habere
705 2554 954 2621 litteras
997 2552 1152 2622 istas
1168 2607 1189 2644 ‚
1230 2561 1557 2643 notasque
1604 2576 1752 2623 esse
1799 2553 2061 2624 numeri
2097 2556 2491 2628 XXXVIII:

288 2679 420 2746 quo
467 2657 663 2726 simul
702 2657 1024 2726 indicium
1070 2658 1441 2726 continetur
1455 2711 1478 2750 ,
1545 2680 1682 2747 qua
1722 2660 1981 2727 ratione
2031 2659 2488 2731 emendandus

287 2761 365 2828 sit
395 2761 509 2851 qui
540 2761 896 2853 praecedit
926 2782 1194 2830 versus:
1242 2782 1448 2850 quem
1487 2761 1776 2853 scriptor
1817 2763 2320 2856 epigrammatis
2353 2787 2492 2834 non

289 2862 373 2931 ad
414 2886 683 2933 severas
729 2862 1007 2954 quidem
1051 2864 1295 2932 veteris
1337 2864 1703 2956 prosodiae
1742 2865 1966 2958 leges»,
2033 2864 2156 2934 sed
2213 2866 2302 2934 ad
2354 2890 2491 2936 non

290 2965 848 3038 contemnendum
873 2976 1102 3037 tamen
1131 2967 1230 3036 sui
1255 2969 1405 3037 aevi
1438 2991 1634 3037 usum
1672 2969 1766 3038 sic
1798 2969 2124 3063 scriptum
2148 2970 2389 3039 voluit:

386 3133 577 3214 ὀκτώ
623 3138 741 3213 ἐπὶ
791 3132 1191 3236 τριάκοντα
1246 3132 1550 3234 χρόνους
1598 3136 1858 3233 βίοτον
1910 3133 2332 3238 τελεθούσῃ.

288 3307 364 3376 V.
418 3305 488 3377 5.
568 3309 969 3379 Welckerus
1034 3331 1282 3379 novum
1345 3309 1595 3377 creavit
1658 3309 2066 3378 vocabulum
2132 3307 2488 3406 ὄμαρτυς,

286 3434 516 3498 sensu,
580 3422 656 3481 ut
697 3412 824 3502 ait,
890 3413 1238 3506 exigente,
1307 3412 1499 3502 quod
1541 3412 1903 3481 formatum
1957 3413 2042 3481 sit
2084 3422 2159 3481 ut
2204 3414 2488 3508 ἔπηλυς,

286 3516 561 3609 νέηλυς,
628 3514 1096 3611 πολύδακρυς.
1223 3518 1314 3584 At
1357 3515 1446 3585 de
1505 3538 1704 3585 sensu
1751 3516 1940 3607 quod
1986 3515 2185 3603 dicit,
2251 3517 2489 3608 petitio

284 3618 591 3710 principii
617 3629 752 3689 est:
804 3620 1004 3713 fingit
1033 3620 1246 3706 enim,
1300 3628 1370 3693 et
1397 3619 1673 3712 quidem
1709 3621 1851 3688 sine
1882 3642 2147 3704 caussa,
2199 3642 2488 3708 sensum,

287 3721 397 3810 qui
439 3722 768 3792 eiusmodi
808 3720 1049 3792 vocem
1095 3724 1412 3815 requirat.
1539 3721 1804 3793 Deinde
1858 3745 2023 3792 vero
2063 3725 2266 3794 etiam
2306 3725 2490 3793 omni

285 3825 636 3918 analogiae
680 3828 1014 3895 contraria
1042 3837 1147 3896 est
1181 3849 1360 3896 nova
1391 3827 1504 3896 illa
1530 3848 1666 3895 vox
1681 3877 1703 3913 ‚
1749 3827 2157 3917 minimeque
2192 3828 2490 3897 omnium

286 3930 665 4022 comparari
701 3939 931 4022 potest
975 3953 1130 3998 cum
1171 3931 1297 4000 illis
1343 3953 1518 4021 quae
1549 3932 1768 4000 attulit
1802 3932 2148 4000 vocabulis
2162 3982 2183 4019 ‚
2227 3932 2293 3998 in
2333 3932 2488 4022 qui-

164 4119 185 4129 p
282 4030 409 4099 bus
436 4058 484 4103 v
512 4032 603 4100 ad
630 4033 849 4125 ipsam
873 4033 1175 4103 radicem
1191 4035 1498 4127 pertinet.
1554 4033 1868 4104 Graecae
1895 4036 2082 4105 vocis
2108 4036 2163 4103 si
2191 4035 2490 4127 speciem

283 4154 448 4224 prae
494 4159 568 4204 se
606 4136 817 4206 ferret
862 4160 993 4206 vox
1040 4138 1201 4227 ista,
1254 4139 1549 4207 ultimam
1600 4139 1932 4231 syllabam
1986 4165 2049 4219 ις
2087 4161 2234 4207 esse
2275 4158 2493 4230 opor-

284 4243 487 4326 teret,
554 4249 629 4307 ut
667 4239 737 4308 in
779 4234 1332 4338 Βριτόμαρτις,
1399 4242 1585 4333 quod
1637 4242 1910 4312 fuerunt
1953 4240 2070 4331 qui
2110 4241 2199 4308 ab
2251 4237 2488 4335 ὁμαρ-

284 4344 435 4412 τεῖν
502 4338 874 4413 derivatum
939 4344 1202 4414 vellent.
1323 4346 1468 4415 Sed
1510 4340 1722 4415 redeo
1776 4345 1865 4414 ad
1918 4366 2215 4425 sensum,
2283 4365 2488 4432 quem

284 4439 385 4510 his
429 4446 731 4516 versibus
772 4447 999 4517 tribuit
1038 4449 1458 4523 Welckerus,
1580 4449 1828 4549 Scribit
1870 4450 1997 4517 ita:
2065 4446 2187 4533 „si
2241 4444 2490 4517 Cestio
