3259 5275
1084 464 1254 528 Lm.
1298 464 1347 530 1.
1436 465 1624 529 cAP.
1665 472 1730 533 6⁵
2429 475 2515 538 17

300 656 779 749 cumscriptum
799 709 820 744 ‚
871 677 1033 727 vera
1079 658 1354 751 quidem
1402 666 1554 728 sunt
1600 659 1775 727 intra
1815 657 1944 727 hos
1984 659 2255 748 limites,
2323 661 2512 752 quod

299 772 522 828 autem
558 770 748 829 extra
776 783 893 829 eos
923 772 1027 830 est
1044 812 1065 847 ‚
1123 762 1445 832 intactum
1475 763 1879 851 relinquunt.
1979 764 2156 831 Nam
2186 767 2513 856 particula

297 862 391 935 ἄν
422 885 637 953 quum
675 866 927 953 ubique
955 864 1046 931 ad
1094 865 1545 934 conditionem
1593 866 1887 954 aliquam
1924 866 2283 954 referatur,
2334 892 2511 958 quae

297 966 593 1035 conditio
625 977 742 1035 aut
774 968 1055 1059 impleta
1083 977 1200 1036 ant
1223 989 1361 1037 non
1398 969 1682 1060 impleta
1708 967 2123 1060 intelligitur,
2179 994 2332 1039 eum
2368 982 2512 1039 tan-

292 1069 652 1139 tummodo
693 1072 835 1139 eius
875 1092 1104 1157 usum,
1173 1093 1313 1161 qno
1357 1070 1447 1139 ad
1489 1094 1626 1139 non
1668 1073 2016 1163 impletam
2061 1073 2512 1143 conditionem

289 1172 608 1257 refertur,
641 1175 758 1263 qui
776 1176 979 1266 longe
1009 1182 1112 1242 est
1139 1174 1353 1243 altero
1382 1175 1700 1260 crebrior,
1746 1176 2074 1265 spectavit
2091 1176 2509 1268 Apollonius.
2609 1187 2620 1200 ¹

290 1275 498 1345 Vnde
524 1277 673 1345 fieri
709 1299 842 1346 non
871 1277 1093 1368 potuit
1111 1321 1131 1359 ,
1175 1278 1337 1366 quin
1359 1278 1484 1360 ita,
1534 1287 1611 1346 ιιι
1635 1278 1828 1365 fecit,
1881 1279 2206 1346 rationem
2233 1282 2512 1349 conclu—

293 1378 511 1452 deret.
586 1381 765 1449 Nam
795 1378 1126 1470 quidquid
1152 1379 1241 1448 ad
1278 1380 1733 1448 conditionem
1761 1402 1897 1448 non
1921 1381 2265 1472 impletam
2291 1383 2512 1452 refer-

293 1491 405 1550 tur
458 1505 544 1551 ex
584 1506 799 1574 eaque
844 1482 1134 1575 pendet,
1184 1484 1552 1574 praeterito
1606 1492 1919 1574 tempore
1980 1483 2342 1552 dicendum
2389 1496 2510 1572 est,

296 1586 458 1675 quia
499 1585 667 1654 illud
686 1637 707 1672 ‚
758 1609 897 1654 non
941 1607 1087 1654 esse
1126 1587 1472 1677 impletam
1529 1585 2019 1670 conditionem,
2069 1610 2177 1655 res
2226 1597 2329 1656 est
2377 1589 2510 1656 iam

294 1691 677 1781 praeterita.
783 1690 1021 1779 ltaque
1066 1711 1200 1758 non
1250 1688 1521 1757 Graeca
1557 1690 1808 1774 solum,
1861 1688 1982 1758 sed
2027 1690 2196 1759 aliae
2236 1712 2510 1780 quoque

300 1801 368 1860 et
406 1793 636 1861 nescio
670 1816 756 1861 an
784 1815 1019 1862 omnes
1066 1794 1335 1886 ling-uae
1374 1792 1444 1861 in
1476 1793 1614 1860 hoc
1643 1815 1896 1886 genere
1925 1792 2145 1861 verbis
2168 1795 2510 1886 praeteriti

298 1897 623 1988 temporis
653 1905 927 1964 utuntur
941 1947 963 1977 ,
1009 1896 1148 1964 sive
1178 1896 1265 1965 de
1299 1896 1661 1989 praeterita
1685 1920 1761 1965 re
1777 1944 1797 1976 ‚
1851 1897 1990 1964 sive
2022 1895 2108 1964 de
2131 1907 2509 1988 praesente,

299 2000 437 2066 sive
462 1999 553 2068 de
578 2000 802 2067 futura
831 1998 1247 2088 loquendum
1269 2001 1370 2072 sit.
1421 2000 1515 2068 Vt
1521 1999 1888 2092 facturae
1918 2021 2150 2068 essem
2177 2001 2293 2090 qui
2327 2000 2510 2088 dicit,

297 2103 430 2170 iam
455 2124 596 2170 non
633 2101 889 2170 factum
928 2123 1075 2170 esse
1104 2103 1269 2170 sciat
1302 2125 1577 2170 necesse
1614 2111 1715 2170 est
1751 2099 1953 2189 illud,
2005 2101 2192 2191 quod
2232 2103 2286 2171 si
2336 2112 2511 2171 esset

299 2205 553 2273 factum
568 2256 588 2286 .,
639 2204 785 2297 ipse
815 2204 888 2272 id
915 2204 1100 2293 quod
1138 2206 1390 2298 agebat
1418 2214 1563 2273 erat
1591 2203 1911 2272 facturus.
1995 2204 2312 2296 Neglexit
2345 2226 2509 2272 vero

301 2308 695 2400 Apollonius
734 2309 1011 2376 alteram
1049 2310 1375 2380 rationem
1395 2361 1416 2396 ‚
1468 2332 1601 2400 qua
1628 2306 1959 2401 particula
2003 2305 2095 2408 ᾇν
2141 2307 2230 2374 ad
2260 2308 2509 2398 imple—

297 2421 434 2479 tam
465 2409 915 2480 conditionem
946 2411 1253 2482 refertur.
1341 2414 1537 2498 Quae
1564 2414 1736 2482 ratio
1770 2410 2081 2500 quoniam
2128 2431 2268 2477 non
2302 2411 2509 2477 levius

297 2523 711 2584 momentum
767 2537 970 2604 quam
1021 2517 1209 2608 prior
1252 2516 1370 2586 illa
1414 2517 1504 2584 ad
1549 2509 1823 2608 plenam
1863 2522 2379 2602 accuratamque
2410 2513 2511 2581 rei

298 2618 782 2712 expositionem
840 2618 1083 2705 habet,
1147 2642 1271 2689 nos
1316 2628 1671 2709 utramque
1712 2620 1808 2687 ita
1852 2617 2331 2709 coniungemus
2349 2669 2369 2699 .,
2433 2612 2510 2685 ut

300 2723 532 2791 ambas
558 2745 644 2792 ex
675 2724 1013 2791 communi
1044 2746 1249 2814 quem
1274 2724 1528 2792 habent
1553 2722 1739 2791 fonte
1762 2731 2165 2812 repetamus.

502 2826 992 2915 Quaecumque
1030 2828 1178 2894 fieri
1223 2828 1333 2896 vel
1372 2849 1509 2895 non
1550 2826 1700 2894 fieri
1731 2825 2011 2893 dicimus
2028 2872 2049 2904 ,
2102 2830 2217 2892 aut
2249 2822 2511 2914 simpli-

302 2929 467 2997 citer
498 2929 910 2998 affirmamus
942 2952 1355 3029 negamusve
1383 2930 1563 2998 facta
1598 2951 1767 3011 esse,
1819 2928 1928 2996 vel
1953 2926 2100 2994 fieri
2117 2978 2139 3013 ,
2186 2927 2296 2993 vel
2325 2927 2509 2995 foret
2541 2971 2552 2982 ·

305 3033 409 3099 cui
442 3031 589 3101 usui
616 3033 835 3101 nudus
871 3034 1167 3102 omnium
1196 3041 1580 3126 temporum
1610 3030 2003 3100 indicativus
2030 3029 2335 3097 inservit:
2394 3038 2511 3095 aut

301 3134 389 3203 ita
431 3157 1036 3205 commemoramus
1056 3188 1077 3222 ,
1116 3146 1193 3205 ut
1224 3136 1495 3206 effectio
1534 3157 1768 3203 eorum
1800 3133 2236 3224 restringatur
2272 3131 2510 3199 condi·-

305 3238 481 3307 tione
514 3240 758 3328 aliqua,
803 3262 976 3329 quae
1010 3261 1161 3308 eam
1188 3241 1300 3308 vel
1335 3263 1418 3307 ex
1450 3249 1643 3331 parte
1671 3237 1781 3306 vel
1808 3245 2018 3304 totam
2045 3235 2267 3302 tollat:
2320 3233 2510 3324 quod

302 3342 375 3408 fit
404 3340 782 3410 adiectione
816 3343 1185 3434 particulae
1227 3341 1338 3416 ἄν.
1405 3343 1601 3410 Haec
1631 3341 1808 3409 enim
1834 3337 2161 3431 particula
2192 3338 2509 3426 quoniam

302 3446 392 3512 rei
434 3445 748 3513 fortuitae
797 3446 1208 3515 notationem
1260 3445 1584 3526 continet,
1653 3443 1818 3511 facit
1865 3439 2220 3509 indicativo
2259 3439 2507 3524 addita,

300 3558 373 3615 ut
397 3546 670 3616 effectio
703 3570 743 3615 e
784 3547 1059 3616 fortuita
1101 3550 1325 3638 aliqua
1356 3570 1592 3617 caussa
1631 3568 1954 3638 suspensa
1998 3567 2143 3613 esse
2171 3542 2508 3635 intelliga—

300 3659 422 3719 tur.
529 3650 883 3743 Significat
933 3673 1102 3744 ergo
1152 3653 1268 3720 illa
1320 3650 1726 3720 constructio
1743 3700 1763 3735 ‚
1827 3648 1976 3715 fieri
2026 3645 2223 3735 quid,
2275 3646 2331 3714 si
2367 3647 2507 3713 fors

298 3753 487 3825 ferat.
586 3754 827 3844 ltaque
867 3777 1076 3844 quum
1108 3756 1348 3845 ἔλεγον
1377 3755 1518 3822 sin‘e
1545 3750 1962 3821 restrictione
2001 3749 2294 3833 dicatur,
2348 3750 2510 3820 ἕλι-

300 3883 427 3948 yor
470 3854 563 3927 ἄν
605 3856 894 3924 refertur
931 3857 1023 3925 ad
1052 3857 1505 3925 conditionem
1547 3856 1840 3943 aliquam
1858 3904 1878 3939 ‚
1949 3875 1989 3918 e
2037 3851 2221 3918 cuius
2269 3860 2511 3917 eventu

298 3959 598 4050 pendeat
633 3957 923 4029 effectio.
1024 3962 1224 4029 Nunc
1255 3959 1553 4027 conditio
1593 3959 1710 4026 illa
1740 3948 1856 4024 aut
1891 3954 2167 4045 impleta
2194 3952 2510 4043 intelligi-

300 4073 437 4150 tur,
489 4071 605 4130 aut
646 4085 786 4131 non
816 4063 1112 4153 impleta.
1215 4062 1290 4132 Si
1318 4060 1630 4154 impleta,
1682 4068 1759 4128 ιιι
1801 4058 2043 4148 ἔλεγον
2090 4052 2183 4126 ἄν
2201 4109 2230 4143 ,
2284 4048 2511 4126 ὁπότε

296 4191 407 4245 τις
449 4159 762 4263 ἐρωτῴη,
813 4166 1055 4234 veritas
1090 4166 1253 4234 facti
1288 4187 1374 4233 ex
1398 4173 1596 4257 parte
1623 4163 1895 4246 tollitur,
1949 4180 2033 4226 ex
2062 4167 2258 4248 parte
2287 4167 2511 4224 autem
2561 4230 2567 4237 ,

300 4267 688 4337 affirmatur.
795 4270 973 4337 Nam
1022 4290 1247 4359 neque
1312 4267 1503 4358 quod
1546 4267 1759 4337 semel
1799 4270 1984 4331 certo
2029 4270 2344 4352 tempore
2403 4258 2509 4325 fa-

302 4380 476 4439 ctum
498 4373 606 4449 ,sit
629 4426 649 4461 ‚
702 4394 927 4462 neque
973 4371 1158 4462 quod
1189 4393 1494 4463 semper,
1546 4367 1963 4450 enunciant,
2016 4363 2140 4432 sed
2184 4362 2511 4430 indicatur

297 4474 477 4562 quod
499 4485 576 4543 ut
607 4475 994 4568 plurimum,
1024 4474 1253 4568 prouti
1280 4475 1420 4543 fors
1444 4475 1676 4560 ferret,
1711 4469 1858 4539 fieri
1882 4465 2319 4536 consueverit.
2357 4454 2508 4529 Ita-

390 4593 635 4664 Hem.
689 4591 824 4665 ΟΡ.
866 4594 981 4663 lv.
2035 4584 2102 4651 B
