3259 5275
793 493 875 555 14
1483 484 1598 545 DE
1642 482 2192 545 PAR'l'lCVLA
2234 478 2328 548 ἄν

790 679 1267 776 particularum
1325 699 1477 748 eam
1535 676 1803 746 videam
1861 674 2181 744 rationem
2244 674 2603 743 tenendam
2662 697 2808 745 esse
2824 726 2845 760 ‚
2913 687 3007 763 ut,

791 804 1260 875 quaecumque
1287 803 1519 849 earum
1548 780 1953 849 constructio
1986 780 2090 867 sit,
2134 779 2324 848 verbi
2353 789 2610 870 partes,
2663 779 2851 868 quod
2883 778 3008 847 ad-

790 891 1087 956 iunctum
1116 885 1391 971 habent,
1424 884 1747 976 deinceps
1775 906 2169 975 persequar,
2213 893 2437 949 tamen
2468 881 2804 950 interdum
2837 906 3008 966 eam,

793 1014 967 1081 quae
1000 1009 1160 1058 vere
1190 988 1596 1056 constructio
1643 996 1778 1071 est,
1819 986 1907 1053 ab
1946 986 2059 1056 illa
2078 1036 2100 1074 ‚
2152 1008 2329 1078 quae
2360 984 2622 1055 videtur
2650 1007 2795 1056 esse
2813 1036 2834 1075 ‚
2887 986 3010 1056 sed

791 1117 927 1165 non
959 1103 1061 1163 est
1074 1146 1096 1184 ‚
1148 1092 1559 1186 distinguere
1588 1089 1949 1186 oportebit.

1852 1298 1937 1370 V.

988 1435 1841 1506 Grammaticorum
1910 1435 2023 1504 de
2090 1432 2808 1504 constructione

1653 1555 2154 1629 sententia.

994 1708 1610 1780 Grammaticorum
1652 1733 1829 1801 quae
1873 1710 2077 1779 fuerit
2120 1709 2212 1778 de
2254 1707 2750 1777 constructione
2793 1706 3007 1799 parti-

790 1812 984 1880 culae
1014 1811 1107 1882 ‹zu
1139 1814 1499 1901 sententia,
1549 1816 1809 1905 optime
1838 1813 2163 1907 cognosci
2201 1821 2428 1904 potest
2467 1835 2508 1879 e
2551 1812 2881 1903 scriptore
2923 1810 3011 1877 de

789 1916 1054 2005 syntaxi
1086 1917 1155 1983 in
1180 1915 1480 1984 Bekkeri
1507 1916 1899 2005 Anecdotis‚
1952 1918 2068 2007 qni
2098 1917 2281 1985 illam
2316 1914 2688 1982 doctrinm
2716 1914 3010 1981 omnium

787 2017 1172 2110 plenissime
1205 2019 1529 2111 exposuit.
1634 2020 1800 2088 Eius
1836 2021 2045 2088 verba
2074 2020 2249 2088 infra
2274 2019 2404 2087 suis
2428 2018 2591 2085 locis
2623 2016 3006 2085 afferentur.

789 2121 924 2190 Hic
940 2122 1095 2190 satis
1112 2132 1214 2190 est
1224 2123 1481 2214 paucis,
1510 2122 1677 2212 quid
1695 2123 1788 2192 illi
1805 2124 2111 2213 sentiant,
2140 2121 2520 2213 complecti.
2581 2118 2792 2189 Aede
2813 2121 3008 2210 quin-

789 2247 926 2316 que
972 2225 1088 2314 qui
1136 2233 1424 2318 excepto
1478 2227 1835 2319 participio
1884 2239 2316 2295 numerantur
2372 2223 2738 2291 verborum
2793 2222 3009 2291 modis

788 2327 1010 2396 solum
1071 2328 1541 2420 imperativum
1602 2317 1857 2421 negant
1907 2329 2105 2397 istam
2160 2327 2562 2420 particulam
2618 2325 3008 2409 admittere3

790 2452 948 2498 cum
1013 2431 1290 2499 caeteris
1347 2440 1573 2499 autem
1623 2453 1779 2499 eam
1822 2432 2135 2500 omnibus
2190 2431 2480 2504 construi
2533 2429 2736 2500 aiunt.
2836 2429 3012 2498 Item

789 2532 1206 2626 temporibus
1235 2533 1507 2625 adiungi
1537 2534 1877 2603 affirmant
1924 2534 2231 2602 omnibus
2247 2585 2268 2615 ‚
2316 2534 2612 2624 exceptis
2652 2541 3012 2624 praesente

790 2645 862 2705 et
914 2637 1224 2729 perfecto
1269 2646 1339 2705 et
1400 2637 1652 2709 fiituro.
1754 2638 2096 2709 lnfinitivis
2161 2635 2326 2706 addi
2384 2637 2616 2706 dicunt
2665 2635 3010 2721 omnibus3

786 2741 953 2809 item
993 2740 1388 2833 participiis.

995 2843 1189 2912 Haec
1221 2866 1468 2914 verane
1505 2867 1595 2913 an
1633 2867 1768 2914 non
1800 2845 1957 2914 satis
1999 2852 2313 2913 accurate
2347 2843 2524 2911 dicta
2559 2844 2727 2935 sint,
2778 2843 3011 2934 quaeri

788 2956 1014 3041 potest
1047 2946 1311 3016 duobus
1348 2940 1607 3031 modis3
1657 2970 1828 3034 uno,
1880 2948 1996 3038 qui
2024 2948 2474 3039 experientiae
2508 2946 3011 3040 exemplorum-

790 3075 927 3142 que
964 3052 1210 3119 finibus
1250 3051 1623 3120 continetur
1639 3102 1660 3139 ,
1711 3051 1826 3141 qui
1862 3074 1991 3144 per
2032 3074 2106 3120 se
2144 3073 2384 3120 caecus
2430 3058 2561 3138 est,
2613 3052 3010 3143 praesertim

788 3157 858 3223 in
889 3163 1076 3223 tanta
1106 3154 1524 3224 dissensione
1553 3154 1901 3237 codicum3
1943 3154 2178 3243 altero,
2206 3155 2419 3244 quiin
2451 3155 2824 3247 particulae
2849 3177 3008 3223 ver-

786 3258 997 3349 bique
1022 3257 1384 3327 modorum
1410 3281 1492 3326 ac
1519 3267 1907 3349 temporum
1936 3267 2175 3325 natura
2199 3256 2720 3350 pervestiganda
2748 3266 2848 3326 est
2871 3280 3007 3350 po·-

790 3363 985 3449 situs,
1037 3361 1154 3451 qui
1183 3371 1286 3430 est
1323 3362 1412 3431 ad
1443 3361 1952 3453 intelligentiam
1987 3361 2087 3430 rei
2114 3361 2389 3450 quidem
2422 3362 2834 3454 aptissimuS,
2884 3359 3006 3430 sed

786 3474 1048 3554 tamen,
1099 3464 1225 3533 nisi
1254 3486 1377 3533 usu
1412 3465 1873 3557 exemplisque
1903 3465 2414 3556 comprobetur,
2464 3487 2603 3532 non
2632 3464 2796 3532 facit
2826 3465 3002 3533 satis,

790 3565 1120 3638 Convenit
1162 3590 1328 3636 vero
1380 3568 1468 3637 ab
1510 3567 1649 3636 hoc
1691 3568 1918 3638 facere
1955 3568 2245 3655 initium,
2321 3578 2397 3636 ut
2446 3568 2562 3637 ubi
2615 3568 3007 3659 apparuerit

787 3660 955 3759 'quid
994 3670 1206 3762 possit
1239 3670 1408 3759 dici,
1459 3670 1707 3740 deinde
1738 3654 2134 3762 quaeratur,
2185 3670 2350 3760 quid
2393 3670 2526 3739 dici
2570 3671 3005 3742 consueverit.

785 3774 895 3843 Ac
939 3773 1370 3843 ratiocinetur
1415 3775 1564 3865 quis
1609 3776 1703 3843 ita
1737 3774 2063 3844 fortasset
2134 3773 2452 3864 quoniam
2492 3774 2846 3843 infinitivus
2873 3797 3003 3842 nu-

788 3875 951 3944 dam
995 3877 1184 3945 verbi
1233 3877 1576 3947 notionem
1630 3878 2006 3965 contineat,
2079 3900 2495 3967 consequens
2548 3901 2733 3962 esse,
2784 3887 2899 3965 ut,
2949 3876 3005 3945 si

789 4002 946 4048 cum
972 3979 1292 4048 infinitivo
1323 3989 1744 4049 construatur
1769 3981 2098 4074 particula
2145 3981 2295 4067 illa,
2336 3981 2628 4050 construi
2656 3981 2871 4073 possit
2899 3988 3006 4047 et-

787 4082 923 4150 iam
957 4105 1111 4151 cum
1145 4083 1424 4152 caeteris
1457 4085 1643 4152 verbi
1669 4085 1901 4153 formis
1931 4085 2279 4166 omnibus3
2330 4085 2489 4152 item
2507 4134 2529 4174 ‚
2570 4085 2623 4152 si
2647 4083 3004 4152 infinitivus

789 4185 1085 4254 omnium
1112 4195 1497 4278 temporum
1524 4185 1871 4256 adiiciatur
1888 4237 1909 4276 ‚
1960 4197 2035 4255 ut
2063 4188 2279 4279 possit
2316 4188 2515 4256 etiam
2543 4210 2699 4256 cum
2727 4197 3005 4278 tempo-

784 4308 939 4356 rum
961 4289 1259 4357 omnium
1284 4289 1651 4359 indicativis
1672 4291 2001 4382 coniungi.
2044 4291 2138 4359 At
2160 4289 2335 4359 haec
2349 4314 2484 4360 non
2509 4300 2696 4359 recte
2725 4290 3005 4358 conclu-

786 4414 863 4459 sa
890 4392 1069 4461 foret
1089 4393 1280 4460 ratio.
1317 4393 1496 4462 Nam
1523 4394 1637 4462 illa
1659 4393 1962 4465 infinitivi
1991 4395 2394 4463 constructio
2425 4394 2678 4484 ubique
2710 4403 2812 4462 est
2843 4415 3003 4461 ora-

787 4494 982 4565 tionis
1012 4494 1331 4587 obliquae
1345 4546 1367 4586 ,
1418 4519 1642 4590 neque
1674 4498 1900 4568 locum
1932 4496 2143 4569 habet
2157 4549 2178 4588 ‚
2229 4498 2355 4570 nisi
2381 4497 2499 4569 ubi
2527 4497 2595 4566 in
2625 4506 2814 4567 recta
2842 4518 3004 4566 ora-
