3259 5275
604 420 609 425 *
735 469 867 534 ιιι
1001 462 1097 522 ns
1146 455 1815 522 mscmmonmvs
1860 450 2311 530 vavsmm
2356 451 2704 517 climens.

1073 641 1384 724 λιπόντα
1418 649 1681 726 παῖδας
1708 643 1829 717 καὶ
1866 637 2053 767 φάος
2087 636 2397 736 γυναῖκά
2432 671 2515 717 τε

1076 746 1305 850 χήρην
1342 743 1941 844 Αριστόκλειαν,
1992 745 2041 844 ἢ
2073 745 2497 875 φιλανδρίας

1077 851 1387 951 ἀρχαῖον
1419 847 1760 947 ἐζήλωσεν
1792 846 2010 947 ἦθος·
2066 847 2146 944 ἧς
2178 858 2406 946 βαρυς

1079 959 1362 1052 δαίμων
1399 953 1785 1046 ὀπέσχισέν
1812 980 1907 1045 με
1941 952 2061 1026 καὶ
2086 953 2364 1027 παίδων
2398 955 2636 1026 δυεῖν·

1079 1058 1200 1141 οὓς
1231 1055 1399 1134 ἀντ
1432 1063 1636 1152 ἐμεῖο
1673 1055 2033 1150 Ταίναρος
2065 1053 2238 1153 φίλη
2269 1052 2530 1152 πατρὶς

1077 1157 1316 1259 μήτηρ
1346 1190 1433 1236 τε
1464 1153 1708 1256 κλεινη
1735 1157 1854 1232 καὶ
1887 1151 2226 1240 σύνευνος
2255 1157 2373 1231 καὶ
2406 1156 2605 1254 φίλοι

1078 1263 1328 1359 ἄγοιεν
1363 1266 1459 1346 εἰς
1491 1264 1691 1359 βίοιο
1721 1256 2030 1360 γήραιον
2055 1264 2349 1359 μέτρον.

1789 1640 1913 1714 ΙΙΙ.

956 1812 1275 1886 Secunda
1303 1835 1580 1904 quoque
1606 1812 1955 1906 inscriptio
1991 1834 2076 1880 ex
2108 1807 2348 1879 Leakii
2375 1808 2547 1876 libro
2579 1831 2647 1876 ιι.
2681 1803 2806 1877 65.
2845 1807 2964 1877 de-

751 1929 1076 2012 prompta
1120 1927 1258 2003 est,
1308 1918 1378 1986 in
1406 1938 1558 2007 ¹quo
1599 1917 1833 2009 paullo
1870 1917 2061 1984 aliter
2091 1912 2464 2007 paulloque
2509 1912 2774 2004 plenius
2804 1912 2964 1981 scri-

749 2032 907 2116 pta,
961 2045 1168 2112 quam
1214 2044 1298 2089 ex
1343 2020 1762 2089 Fourmontii
1805 2019 2071 2089 schedis
2109 2019 2179 2085 in
2224 2015 2539 2108 Corpore
2578 2015 2965 2107 Inscriptio-

752 2148 915 2194 num
940 2149 1004 2194 n.
1039 2122 1264 2194 1141.
1306 2125 1400 2194 sic
1432 2125 1716 2216 legitur:

840 2273 1848 2341 ΗΣΟΡΙΝΗΝΤΕΛΘΟΝΤΑ
1890 2272 2083 2336 ΠΟΡ
2121 2319 2137 2337 .
2186 2316 2203 2333 .
2248 2266 2745 2334 ΔΕΚΕΚΕΤΟ

928 2362 1405 2442 ΑΡΓΕΙΩΝΘ
1414 2375 1930 2442 ΥΜΟΝΑΦΕΝ
1937 2376 2050 2438 TA
2056 2374 2175 2438 110
2181 2373 2359 2438 ΝΕΙ

757 2517 999 2588 Exstat
1033 2514 1252 2608 Argis.
1358 2514 1568 2599 Quod
1599 2513 2001 2584 Welckerus
2047 2512 2240 2582 dicit·
2295 2521 2687 2606 postrema
2720 2511 2972 2600 verba,

759 2613 1009 2713 θυμόν
1068 2612 1331 2714 ἀφέντ
1380 2614 1675 2710 ἅπονεί,
1766 2614 2198 2689 adverbium
2235 2614 2607 2711 praebent
2650 2618 2976 2689 nondum

759 2722 1137 2816 cognitum
1177 2743 1271 2790 ex
1307 2742 1391 2789 eo
1432 2744 1746 2815 genere,
1814 2723 1909 2792 de
1949 2743 2089 2815 quo
2133 2730 2456 2815 praeter
2501 2721 2695 2792 alios
2746 2722 2976 2792 etiam

761 2825 1143 2896 Barkerus
1187 2823 1263 2893 in
1293 2823 1567 2894 Diarr’o
1617 2825 1935 2896 classico
1975 2825 2114 2894 vol.
2157 2824 2406 2893 XXVI.
2434 2846 2514 2918 p.
2552 2821 2725 2894 158.
2782 2826 2973 2920 egit.

758 2953 998 2999 vereor
1041 2951 1176 3022 ego
1191 2976 1213 3014 ‚
1264 2936 1338 2996 ut
1370 2952 1497 3021 per
1538 2929 1718 2997 hanc
1750 2929 2026 3019 quidem
2051 2929 2550 3021 inscriptionem
2577 2928 2977 2998 adverbium

757 3033 925 3102 illud
954 3034 1342 3102 innotescat.
1447 3030 1529 3099 ld
1571 3042 1649 3101 ut
1692 3032 2007 3101 contendi
2053 3041 2328 3125 posset,
2392 3034 2779 3103 necessario
2821 3056 2975 3103 sen-

758 3139 1034 3207 tentiam
1094 3136 1228 3203 loci
1286 3144 1593 3226 apertam
1652 3145 1720 3205 et
1769 3159 1905 3204 non
1952 3136 2342 3229 ambiguam
2409 3159 2557 3205 esse
2607 3145 2974 3230 oporteret.

759 3241 852 3310 At
879 3240 1017 3309 hoc
1032 3290 1053 3327 ‚
1103 3236 1292 3329 quod
1332 3239 1630 3307 omnium
1673 3241 1966 3332 primum
2003 3239 2400 3329 requiritur,
2453 3262 2730 3332 prorsus
2762 3242 2976 3329 abesg

656 3394 664 3403 -
763 3368 851 3413 ne
893 3342 1116 3412 dicam
1156 3342 1527 3436 permirum
1566 3343 1771 3425 illud,
1839 3339 2095 3415 ἁπονεὶ
2137 3343 2430 3433 aliquem
2471 3345 2679 3427 mori,
2750 3344 2976 3413 offen-

768 3448 936 3524 sioni
986 3470 1155 3518 esse.
1261 3445 1492 3530 Quum
1531 3469 1699 3515 vero
1741 3446 2160 3515 Fourmontii
2202 3445 2590 3538 exemplum
2630 3449 2977 3522 ΑΦΕΝ..

634 3605 649 3613 -
776 3552 919 3626 TA
924 3555 1000 3623 l]
1002 3550 1225 3624 OAE
1271 3547 1556 3640 habeat,
1616 3551 1781 3672 ‘quis
1832 3549 2129 3633 dubitet,
2194 3550 2313 3639 qui
2369 3549 2740 3642 genitivum
2791 3551 2974 3619 illum

760 3649 1108 3775 Ἀργείων
1124 3654 1477 3745 respiciat,
1521 3655 1682 3744 quin
1712 3662 1898 3722 recte
1927 3653 2170 3745 legerit
2197 3650 2624 3739 Boeckhius‚
2683 3649 2975 3749 Ἀργεί-

768 3782 866 3827 ων
904 3748 1149 3847 θυμον
1193 3751 1477 3851 ἀφέντα
1510 3751 1768 3830 adiu?
1865 3757 2128 3826 Primus
2167 3778 2400 3825 versus
2428 3756 2510 3824 ἱιι
2555 3703 2976 3827 F’ourmontii

768 3859 1080 3951 exemplo
1110 3859 1286 3929 haec
1313 3860 1510 3953 signa
1539 3857 1785 3930 habet.

856 4052 869 4067 .
912 4055 927 4072 .
975 3986 1803 4076 ΣΟΡΗΝΗΝΕΕΑΟΟΝ
1848 4056 1864 4074 .
1911 4012 1976 4076 Α
2019 4055 2037 4074 .
2086 4007 2767 4076 ΠΩΙΔΕΚΕΚΓΊῸ

768 4148 849 4216 In
874 4157 1071 4215 ⁴tanta
1114 4148 1567 4241 discrepantia
1623 4149 1788 4219 nihil
1827 4149 2142 4244 profecto
2188 4150 2352 4220 certi
2407 4150 2686 4219 divinari
2734 4156 2972 4240 potest.

770 4250 914 4320 Sed
961 4251 1015 4320 si
1062 4261 1319 4338 tamen,
1397 4252 1584 4341 quod
1643 4254 1712 4320 in
1757 4254 2226 4324 huiuscemodi
2271 4253 2813 4345 inscriptionibus
2872 4253 2975 4319 lu-

772 4354 979 4422 dendi
1006 4378 1240 4425 caussa
1282 4354 1510 4425 facere
1555 4357 1743 4444 licet,
1793 4359 2115 4427 tentanda
2146 4358 2373 4448 aliqua
2413 4356 2800 4425 coniectura
2845 4362 2971 4423 est:

771 4459 976 4527 talem
1031 4469 1212 4529 certe
1257 4481 1407 4528 eam
1457 4483 1606 4530 esse
1645 4471 1957 4555 oportet,
1995 4485 2175 4553 quae
2216 4460 2578 4554 praebeat,
2632 4458 2820 4551 quod
2855 4479 2969 4525 co-
