3259 5275
774 426 933 526 ιμ’
1449 455 1569 518 οε
1636 454 2186 519 PAnrrchA
2228 451 2325 522 ἂν

778 649 981 721 sentis
1001 649 1112 717 vel
1145 644 1350 716 futuri
1378 644 1701 740 temporis
1739 655 1862 735 est,
1912 646 2288 716 necessario
2316 671 2391 716 se
2425 646 2519 717 ita
2554 647 2787 736 habet,
2842 650 2998 742 quia

778 777 954 845 quae
994 774 1076 820 ex
1117 773 1202 819 eo
1235 750 1572 843 pendent,
1623 773 1763 819 non
1803 759 2088 843 possunt
2130 775 2266 820 non
2308 752 2535 820 futura
2581 776 2748 822 esse.
2855 754 2998 822 Sed

775 857 942 926 illud
984 853 1265 923 verbum
1299 855 1355 922 si
1402 863 1503 922 est
1541 855 1891 946 praeteriti
1932 856 2256 946 temporis
2280 908 2300 946 ,
2368 865 2484 923 aut
2528 857 2728 925 instat
2773 857 2997 926 adhuc

777 961 1098 1046 effectus,
1150 968 1267 1026 aut
1294 959 1430 1026 iam
1455 958 1821 1048 praeteriit.
1923 958 2001 1026 Si
2027 958 2264 1044 instat,
2318 959 2562 1027 eadem
2590 970 2692 1029 est
2719 962 2999 1035 coniun-

777 1064 933 1132 ctivi
963 1062 1343 1147 necessitas,
1394 1084 1570 1151 quae
1608 1062 1678 1128 in
1703 1084 1778 1129 re
1810 1071 2170 1152 praesente
2198 1072 2266 1129 et
2291 1063 2538 1131 futura.
2640 1063 2736 1132 Vt
2762 1066 2818 1132 si
2849 1065 2997 1155 quis

774 1168 1036 1236 venisse
1077 1187 1151 1234 se
1200 1164 1409 1250 dicat,
1462 1174 1538 1232 ιιι
1579 1186 1757 1232 nunc
1801 1166 2011 1233 verba
2053 1164 2291 1251 faciat,
2358 1164 2415 1234 is
2463 1166 2682 1251 dicet,
2736 1163 2999 1264 ἦλθον,

775 1278 897 1343 ἵνα
956 1269 1154 1360 λέγω.
1258 1267 1582 1336 Nondum
1626 1268 1802 1335 enim
1852 1268 2015 1336 fecit
2041 1315 2063 1352 ,
2134 1269 2322 1359 quod
2367 1269 2440 1336 in
2485 1270 2710 1338 animo
2776 1268 3000 1338 habe-

772 1375 924 1459 bat,
975 1394 1186 1461 quum
1228 1371 1522 1456 veniret,
1576 1369 1702 1439 sed
1744 1378 1846 1439 est
1885 1394 2064 1440 nunc
2107 1371 2384 1440 demum
2424 1372 2746 1441 facturus.
2852 1373 3002 1442 Sed

774 1478 831 1546 si
867 1485 936 1544 et
973 1476 1190 1562 venit,
1243 1484 1312 1543 et
1344 1497 1549 1564 quam
1588 1475 1861 1542 volebat
1913 1475 2286 1543 orationem
2335 1463 2606 1562 habuit,
2657 1477 2752 1544 ita
2795 1475 3000 1564 dicet,
3066 1502 3076 1510 ·

772 1577 1009 1675 ἦλθον
1051 1585 1171 1650 ἵνα
1208 1579 1539 1670 λέγοιμι,
1605 1569 1744 1646 non
1791 1600 1928 1668 quo
1973 1602 2046 1646 se
2087 1579 2225 1647 iam
2262 1578 2579 1648 habuisse
2624 1581 3002 1649 orationem

773 1683 1134 1776 significet,
1189 1679 1313 1750 sed
1352 1689 1427 1749 ut
1465 1681 1811 1750 consilium
1844 1691 2137 1780 tantum,
2190 1705 2330 1773 quo
2357 1691 2670 1769 venerat,
2722 1683 3000 1771 indicet,

771 1811 909 1856 non
945 1794 1172 1853 autem
1206 1807 1279 1853 se
1322 1807 1501 1851 nunc
1546 1784 1822 1865 demum
1867 1794 2389 1875 exsequuturum
2432 1785 2600 1854 illud
2642 1787 3001 1856 consilium

771 1913 920 1960 esse
962 1889 1212 1956 innuat.
1277 1886 1626 1979 Exemplis
1658 1887 1727 1955 in
1770 1911 1847 1956 re
1888 1888 2224 1957 tritissima
2267 1912 2404 1958 non
2441 1912 2616 1983 opus
2656 1900 2780 1963 est.
2852 1890 3000 1960 Sed

767 2016 979 2064 unum
1015 2000 1243 2060 tamen
1281 1991 1563 2061 afferam
1580 2041 1599 2080 ‚
1655 1991 1844 2081 quod
1882 1991 2200 2084 singulari
2239 1993 2449 2062 modo
2494 1993 2999 2063 conformatum

766 2107 903 2187 est,
959 2092 1100 2165 od.
1124 2097 1185 2168 ὃ.
1220 2093 1393 2164 472.

975 2244 1162 2325 ἄλλα
1196 2244 1385 2343 μάλ’
1414 2248 1721 2345 ωφελλες
1755 2252 1904 2325 Διι
1919 2278 1967 2324 τ
1979 2246 2355 2324 ’ἄλλοισίν
2381 2277 2463 2325 τε
2495 2255 2787 2323 θεοῖσιν

974 2355 1176 2474 ῥέξας
1203 2347 1368 2448 ispo?
1393 2347 1562 2426 κάλ
1592 2351 2125 2446 οἷναβαινέμεν,
2180 2352 2380 2452 ὄφρα
2414 2346 2735 2445 τάχιστα

977 2483 1111 2552 σην
1145 2461 1214 2537 ἐς
1240 2451 1542 2551 πατρίδ’
1572 2463 1783 2530 ἵκοιο.

763 2614 1141 2705 Exspectes
1184 2608 1334 2696 hic,
1386 2618 1461 2679 ut
1510 2610 1582 2678 in
1634 2611 1818 2679 irrito
1870 2610 2186 2700 consilio,
2254 2617 2404 2686 ἵκεο
2421 2666 2449 2701 ,
2514 2619 2596 2680 ut
2637 2631 2996 2682 vemssest

764 2740 902 2787 non
927 2715 1106 2784 venit
1151 2714 1365 2782 enimt
1418 2712 1542 2781 sed
1586 2713 1752 2782 dixit
1798 2721 1985 2787 ἵκοιο
1998 2769 2026 2804 ,
2079 2738 2218 2784 non
2271 2724 2587 2807 spectans
2627 2714 2794 2803 quid
2828 2739 2996 2784 eve-

764 2821 958 2907 nerit,
1009 2818 1132 2887 sed
1163 2838 1299 2907 quo
1332 2818 1606 2885 consilio
1630 2840 1737 2885 res
1777 2816 2085 2887 debuerit
2113 2820 2379 2911 suscipi.
2463 2818 2674 2904 Quod
2702 2819 2757 2886 si
2792 2826 2996 2914 ἵκηαι

765 2925 1058 3007 dixisset,
1098 2920 1323 2989 adhuc
1349 2919 1720 2988 rediturum
1745 2920 2171 3012 significaret.
2237 2922 2511 2991 Eodem
2545 2921 2753 2990 modo
2789 2923 2996 2990 etiam

760 3050 1082 3122 praesens
1118 3034 1188 3093 et
1215 3024 1513 3092 futurum
1541 3024 1734 3093 verbi
1760 3025 2060 3116 primarii
2097 3027 2397 3117 optativo
2432 3026 2823 3118 iunguntur,
2876 3024 2995 3094 ubi

764 3132 855 3200 de
892 3130 1041 3199 solo
1083 3128 1357 3197 consilio
1400 3150 1622 3196 sermo
1656 3137 1787 3196 est:
1842 3128 2027 3217 quod
2057 3151 2268 3217 quum
2301 3130 2413 3214 fit,
2467 3151 2551 3197 ea
2591 3129 2855 3196 ratione
2883 3130 2996 3197 lo-

758 3233 1010 3327 quendi
1044 3232 1497 3325 significamus
1513 3282 1533 3319 ‚
1588 3239 1902 3300 eventum
1932 3254 2069 3298 non
2111 3231 2632 3324 comprobatum
2667 3232 2752 3299 iri
2783 3232 2991 3300 facto.

758 3339 976 3409 Aliter
1034 3337 1209 3404 enim
1270 3335 1693 3403 coniunctivo
1752 3343 2113 3403 uteremur.
2215 3334 2297 3403 Id
2347 3336 2587 3428 pulcre
2639 3336 2995 3428 perspexit

758 3441 1101 3533 Reisig-ius
1135 3440 1203 3507 in
1237 3437 1503 3507 Comm.
1541 3461 1636 3511 cr.
1672 3437 1762 3506 ad
1807 3436 1984 3509 Oed.
2024 3438 2174 3508 Col.
2219 3463 2293 3533 p.
2342 3436 2514 3507 168.
2544 3461 2736 3527 seqq.
2784 3462 2994 3529 quem

758 3556 987 3613 tamen
1018 3544 1087 3610 in
1124 3542 1440 3610 Electrae
1485 3540 1899 3632 Euripideae
1936 3541 2091 3610 loco
2135 3566 2200 3615 V.
2233 3541 2356 3611 5⁹5.
2402 3566 2593 3633 seqq.
2641 3541 2785 3608 salli
2826 3542 2993 3610 mihi

757 3647 1010 3731 videri,
1054 3644 1144 3712 ad
1184 3644 1547 3735 Sophoclis
1591 3644 1908 3713 Electrae
1953 3668 2015 3712 v.
2046 3641 2171 3716 57.
2219 3645 2373 3713 dixi.
2476 3646 2554 3714 In
2597 3644 2990 3714 huiusmodi

756 3751 962 3844 igitur
1009 3748 1331 3839 exemplis
1376 3749 1711 3839 optativus
1740 3747 2094 3815 manifesto
2131 3747 2226 3816 sic
2267 3758 2666 3841 usurpatur,
2719 3758 2799 3817 ut
2844 3749 2990 3817 solo

759 3853 1039 3923 consilio
1077 3849 1454 3944 indicando
1517 3850 1950 3920 effectionem
2020 3873 2157 3918 non
2225 3862 2660 3943 sequuturam
2724 3860 2985 3945 arguat.

755 3957 883 4025 Est
918 3978 1084 4025 vero
1133 3955 1331 4022 etiam
1350 4001 1373 4039 ,
1414 3954 1533 4022 ubi
1564 3955 1830 4044 utrique
1875 3953 2083 4021 modo
2131 3956 2320 4024 locus
2366 3963 2469 4024 est
2490 4005 2512 4044 ,
2563 3951 2797 4047 prouti
2844 3977 2986 4025 rem

756 4060 977 4128 animo
1008 4057 1370 4150 concipias,
1476 4057 1569 4125 Vt
1592 4057 1780 4125 Iliad.
1807 4084 1870 4148 χ.
1899 4054 2073 4129 348.

959 4193 1050 4276 ὥς
1081 4189 1209 4268 οὐκ
1239 4187 1411 4268 ἔσθ’
1444 4191 1521 4275 ὃς
1550 4192 1676 4291 σῆς
1700 4220 1782 4286 γε
1814 4185 2028 4274 κύνας
2059 4192 2368 4291 κεφαλῆς
2398 4186 2832 4266 ἀπαλάλκοι.

752 4331 988 4426 Eurip.
1018 4332 1171 4404 Alc.
1201 4326 1325 4399 53.

959 4465 1129 4545 ἔσθ’
1159 4465 1291 4545 οὖν
1326 4465 1515 4551 ὅπως
1539 4466 1929 4566 Ἄλκηστις
1960 4469 2028 4547 ἐς
2057 4465 2282 4563 γῆρας
2310 4458 2534 4559 μόλοι
2552 4496 2578 4546 ‚-
