3259 5275
420 397 424 402 '
535 388 563 437 Ὗ

547 444 558 513 ί
781 466 870 527 oe
1467 458 1581 518 013
1661 454 2199 518 PARTICVLA
2247 450 2326 520 ἂν

785 652 913 718 tior
938 647 1262 718 conditio:
1304 646 1591 717 refertur
1629 646 1807 716 enim
1840 647 1928 714 ad
1959 655 2216 717 certam
2257 664 2451 740 spem
2481 655 2684 736 atque
2720 647 2982 739 opinio-

785 775 943 822 nem
957 802 978 836 ‚
1030 752 1325 820 futurum
1365 749 1529 841 quid
1577 773 1758 837 esse,
1815 750 1927 818 vel
1962 751 2195 833 etiam,
2241 772 2374 841 pro
2403 751 2503 819 rei
2539 758 2775 817 natura
2792 801 2812 838 ‚
2862 774 2983 820 non

788 877 934 924 esse
973 854 1289 923 futurum.
1393 854 1590 940 Quae
1620 875 1825 943 quam
1858 852 2123 942 diversa
2155 854 2316 939 sint,
2368 853 2683 921 facillime
2716 853 2986 946 intelligi

784 964 1012 1051 potest
1044 976 1132 1026 ex
1155 957 1231 1026 iis
1247 1007 1269 1045 ‚
1318 979 1495 1046 qnae
1522 959 1595 1026 in
1630 966 1921 1046 utroque
1946 979 2203 1049 genere
2238 955 2553 1033 adiuncta
2586 958 2987 1048 cogitantnrz

787 1063 854 1129 in
900 1061 1049 1148 illo,
1115 1057 1205 1155 ἦν
1257 1086 1331 1132 τι
1377 1053 1504 1143 mik·
1545 1055 1741 1153 ἁφῇ,
1802 1059 1870 1129 si
1917 1060 2098 1153 quid
2132 1058 2352 1153 sorte
2392 1081 2539 1128 nox
2581 1060 2986 1153 reliquerit.-

766 1162 1110 1258 sorsitan
1159 1161 1515 1255 relinquet
1556 1161 1875 1255 aliquid,
1906 1162 2252 1257 forsitan
2295 1184 2438 1233 non
2477 1163 2833 1255 relinquet
2847 1190 2877 1245 ,·,
2928 1163 2990 1230 in

787 1265 961 1351 hoe,
1014 1267 1088 1339 εἴ
1119 1292 1195 1339 τι
1238 1259 1364 1348 mik·
1406 1261 1597 1362 α’φῇ,
1650 1265 1714 1334 si
1746 1266 1923 1358 quid
1950 1288 2097 1336 nox
2127 1266 2545 1359 reliquerit.-
2593 1267 2720 1337 vix
2762 1275 2992 1336 autem

790 1370 1167 1460 relinquet.
1269 1369 1483 1458 Atqui
1534 1369 1671 1437 hoc
1711 1369 1934 1461 ipsum
1980 1370 2206 1439 dicere
2246 1371 2459 1438 voluit
2496 1371 2623 1439 isto
2672 1370 2824 1438 loco
2866 1369 2990 1437 So-

790 1472 1107 1567 phocles:
1160 1493 1245 1539 ex
1268 1493 1406 1560 quo
1439 1480 1755 1564 apparet,
1808 1495 2066 1542 errasse
2098 1474 2276 1542 viros
2310 1473 2581 1561 doctos,
2634 1472 2753 1563 qui
2778 1472 2887 1542 vel
2917 1494 2993 1541 ex

790 1575 1171 1644 coniectura
1195 1624 1216 1661 ,
1270 1575 1379 1642 vel
1425 1597 1510 1643 ex
1552 1575 1789 1667 paucis
1837 1574 2039 1645 codd.
2084 1574 2173 1674 ἤν
2190 1623 2212 1652 ,
2267 1599 2444 1666 quae
2487 1576 2831 1645 Atticistae
2879 1576 2992 1642 ali-

790 1679 975 1747 cuius
1017 1677 1347 1745 correctio
1381 1686 1482 1746 est
1498 1729 1519 1766 ,
1570 1687 2038 1769 reposuerunt.
2140 1679 2447 1771 Exposui
2475 1677 2647 1747 haec
2692 1677 2993 1747 enuclea-

789 1783 954 1864 tius,
1019 1789 1097 1848 ιιι
1139 1779 1463 1848 rationem
1518 1779 1899 1849 redderem.
2004 1780 2217 1867 Quod
2266 1783 2319 1850 si
2368 1781 2515 1872 quis
2563 1782 2818 1851 mavult
2854 1781 2993 1872 ipso

790 1885 1011 1953 statim
1053 1905 1254 1951 sensu
1287 1881 1452 1973 quid
1494 1882 1666 1952 inter
1708 1893 2064 1973 utramque
2106 1884 2515 1953 locutionem
2556 1885 2812 1953 intersit
2849 1906 2994 1977 per·

791 1988 1043 2079 cipere,
1083 1986 1139 2053 is
1169 1985 1542 2055 meminerit
1571 1988 1737 2058 εἴτι
1768 1980 1893 2069 vu}
1920 1982 2076 2083 α’φῇ
2101 1987 2194 2055 sic
2230 2011 2377 2056 esse
2420 1986 2996 2079 pronunciandum

789 2099 865 2158 nt
895 2092 958 2161 ei
985 2110 1157 2157 voce
1185 2089 1513 2182 erigatur:
1563 2088 1754 2178 quod
1789 2098 2022 2157 contra
2049 2088 2138 2185 ἢν
2164 2112 2297 2158 ιιοιι
2324 2090 2754 2183 distinguitur
2779 2114 2820 2158 a
2848 2113 2996 2158 cae-

753 2266 760 2275 ,
789 2193 950 2262 teris
975 2191 1274 2261 vocibus.
1342 2192 1582 2283 Itaque
1613 2192 1816 2260 etiam
1838 2191 2077 2260 Latine
2116 2194 2171 2260 si
2204 2201 2560 2284 utrumque
2583 2194 2823 2263 iisdem
2852 2216 2996 2261 ver·

791 2295 895 2363 bis
922 2303 1175 2383 vertas,
1225 2294 1288 2363 ei
1323 2295 1499 2388 quid
1537 2316 1688 2363 nox
1726 2293 2138 2416 reliquerit,
2191 2295 2358 2364 illud
2392 2296 2458 2366 si
2499 2297 2553 2364 si
2585 2306 2687 2366 est
2716 2299 2813 2383 εἰ,
2862 2295 2995 2365 sor-

790 2397 918 2466 tius
952 2406 1054 2467 est
1079 2397 1698 2488 pronunciandum3
1748 2397 2080 2466 remissius
2106 2407 2352 2482 autem,
2400 2401 2455 2468 si
2485 2409 2586 2468 est
2618 2397 2729 2490 ἦν.
2794 2401 2994 2487 Inter-

794 2500 956 2568 dum
982 2499 1257 2590 quidem
1283 2523 1417 2569 non
1455 2500 1741 2569 multum
1773 2500 2085 2589 interest,
2141 2504 2212 2574 εἰ
2234 2525 2324 2570 an
2354 2501 2444 2600 ἢν
2482 2500 2778 2591 dicatur,
2830 2510 2902 2571 ut
2936 2503 2999 2570 in

790 2603 907 2672 illo
964 2602 1367 2695 Sophoclis,
1436 2599 1690 2701 ὕβρις,
1756 2605 1828 2677 εἰ
1869 2602 2149 2678 πολλῶν
2209 2601 2726 2703 ὕπερπλησθῇ,
2788 2605 2951 2676 vel
2933 2626 2995 2673 m

792 2706 1261 2798 Xenophontis
1301 2708 1457 2776 loco
1473 2756 1494 2791 ,
1545 2729 1753 2797 quem
1787 2707 1987 2777 affert
2011 2710 2521 2801 grammaticus,
2576 2710 2764 2778 cuius
2802 2709 2997 2778 verba

793 2808 1243 2902 apposuimus.
1346 2809 1491 2880 Sed
1548 2811 1953 2903 plerumque
2022 2820 2249 2880 tamen
2312 2812 2408 2881 ibi
2466 2813 2890 2904 potissimum
2939 2813 3001 2884 εἰ

792 2922 1151 3005 usurpatur
1167 2965 1189 3003 ‚
1255 2912 1374 2980 ubi
1431 2910 1522 3010 ἢν
1561 2936 1697 2982 non
1749 2923 1983 3008 aptum
2029 2923 2149 2984 est.
2256 2915 2347 2984 Vt
2403 2914 2472 2982 in
2510 2915 2809 2985 Platonis
2854 2917 2996 2985 loeo

792 3015 978 3108 apud
1007 3013 1323 3085 eumdem
1356 3018 1907 3109 grammaticum,
1966 3018 2113 3090 εἴτε
2143 3043 2253 3099 τις
2294 3015 2523 3116 ἆρρην
2553 3019 2702 3093 εἴτε
2729 3046 2837 3100 τις
2866 3016 2995 3113 θῆ-

791 3112 984 3199 λυς
939 3146 1000 3214 ῃ.
1104 3118 1314 3189 Nam
1321 3120 1439 3211 qui
1485 3121 1890 3205 moriuntur,
1941 3120 2316 3189 necessario
2353 3131 2468 3188 aut
2493 3144 2713 3191 mares
2750 3131 2865 3190 aut
2896 3121 2994 3188 fe-

791 3221 1012 3290 minae
1040 3231 1214 3307 sunt,
1263 3245 1390 3291 nec
1417 3224 1834 3313 quidquam
1814 3247 1884 3291 ιιι
1917 3246 1999 3291 ea
2042 3246 2118 3292 re
2160 3223 2415 3291 fortuiti
2457 3224 2646 3293 inest.
2753 3223 2996 3295 Contra

788 3324 1198 3417 Xenophon.
1231 3325 1485 3449 Cyrop.
1519 3327 1640 3395 lll.
1675 3326 1745 3415 3,
1770 3326 1889 3395 17.
1918 3327 2045 3399 νῦν
2073 3326 2216 3398 δὲ’
2177 3352 2325 3399 coos
2350 3326 2489 3420 μὲν
2514 3329 2838 3401 instrat·
2794 3353 2994 3401 εσον-

789 3453 955 3515 ται,
1010 3426 1098 3524 ἦν
1129 3455 1213 3501 τε
1252 3422 1521 3502 ἐνθάδε
1549 3430 2000 3523 ἐπιμένωμεν
2033 3426 2122 3524 ἤν
2155 3456 2241 3500 τε
2267 3431 2335 3507 ἐς
2362 3455 2499 3521 την
2531 3428 2816 3502 ἐκείνων
2844 3422 2994 3503 ἰόν.-

790 3555 905 3610 roc
936 3525 1373 3623 ὑπαντῶμεν
1405 3527 1684 3612 αὐτοῖς·
1738 3533 1885 3651 {ooo
1929 3531 2008 3604 δὲ
2043 3528 2244 3653 ημεῖς
2289 3528 2494 3611 ὄντες
2522 3524 2991 3624 μαχούμεθα,

790 3628 878 3726 ἦν
907 3658 990 3704 τε
1021 3624 1290 3705 ἐνθάδε
1322 3626 1660 3714 ἐπιόντας
1688 3662 1953 3714 aurove
1979 3626 2389 3724 δεχώμεθα,
2443 3630 2532 3729 ἤν
2563 3660 2648 3705 τε
2680 3630 2805 3707 ἐπ’
2832 3630 2994 3707 ἑκεί-

791 3757 957 3813 ,νους
1000 3725 1234 3815 ἰόντες
1276 3727 1413 3832 τήν
1467 3729 1707 3834 μα’χην
1762 3730 2261 3827 συνάπτωμεν.
2365 3736 2545 3804 Nam
2599 3736 2992 3805 intervenire

790 3843 1019 3926 potest
1065 3835 1352 3929 aliquid,
1416 3846 1493 3906 ut
1535 3861 1673 3907 non
1717 3847 2059 3933 pugnetur
2102 3838 2393 3908 omnino.
2497 3838 2831 3909 Adiiciam
2874 3837 2994 3907 elin

792 3940 1130 4031 exempla..
1166 4025 1170 4032 μ
1224 3941 1562 4010 Homerus
1588 3942 1779 4013 mad.
1807 3971 1875 4016 α.
1907 3940 2079 4011 340.

1984 4095 2230 4166 εἴποτε
2258 4088 2332 4166 δ’
2365 4088 2544 4168 αὖτε

994 4188 1212 4289 χρειώ
1241 4199 1442 4286 ἐμεῖο
1473 4197 1767 4295 γένηται
1798 4190 2043 4269 ἀεικέα
2073 4189 2322 4290 λοιγόν
2356 4192 2640 4293 α’μῦναι

991 4302 1144 4377 τοῖς
1167 4296 1430 4379 ἄλλοις.

786 4447 1202 4542 Siquando
1230 4473 1347 4521 me
1385 4451 1834 4545 opuesuerit.
1941 4454 2216 4558 Nempe
2250 4450 2376 4522 erit
2405 4450 2766 4544 aliquando
2802 4470 2986 4543 opus.
