3259 5275
602 506 705 568 ΗΕ
730 502 1401 567 mscnn’nomssvs
1429 499 1883 578 vavsnAM
1914 503 2265 569 GRAECIS.
2408 508 2537 574 8⁸1

316 697 473 779 tris,
520 703 904 789 exspectes,
954 694 1325 762 liberorum
1365 694 1521 761 loco
1569 713 1723 762 eam
1755 705 1984 762 versus
2025 694 2093 761 in
2132 694 2352 763 lucem
2390 694 2540 763 edi-

317 801 519 870 disse.
625 798 771 869 Sed
814 799 977 866 istae
1020 819 1252 866 omnes
1308 797 1735 866 coniecturae
1781 798 2034 866 nonin
2077 806 2370 866 mentem
2412 822 2526 867 ve·
2633 863 2640 874 ,

314 905 570 974 nissent
593 901 984 983 Welckero,
1036 901 1091 968 si
1122 900 1511 993 cogitasset,
1564 898 1990 1020 ισαρίθμζος
2013 922 2154 968 ιιοιι
2178 923 2326 969 esse
2359 905 2534 974 ἐνα-

316 1008 664 1106 ρίθμιος,
717 1014 920 1097 atque
960 1004 1212 1072 idcirco
1251 1002 1439 1096 quod
1470 1003 1830 1071 Musaeum
1882 1004 1948 1070 in
1979 1000 2250 1072 Cestiae
2289 1003 2535 1073 fetibus

317 1113 438 1197 sit,
492 1133 631 1180 non
670 1110 795 1178 nisi
843 1109 911 1176 in
953 1130 1233 1176 numero
1276 1105 1633 1175 Musarum
1682 1129 1829 1175 esse
1868 1106 2183 1198 positum.
2289 1107 2392 1175 Ita
2433 1109 2532 1175 vi-

316 1214 560 1299 disset,
625 1211 813 1304 quod
866 1220 1106 1304 sponte
1156 1234 1230 1278 se
1267 1210 1505 1296 offert,
1557 1233 1805 1278 novem
1845 1208 2213 1277 liberorum
2251 1220 2538 1278 matrem

316 1318 454 1386 dici
488 1314 992 1386 Cestiam.1n
1017 1315 1250 1382 ultimo
1278 1336 1476 1383 versu
1503 1312 2006 1408 epigrammatis
2038 1311 2349 1382 Osaunus
2382 1314 2532 1386 πᾶ-

316 1448 435 1493 σιν
476 1413 754 1517 α’ληθής
793 1418 1161 1511 legendum
1204 1418 1518 1511 putabat,
1600 1417 1716 1508 qui
1756 1426 2043 1510 propter
2089 1417 2537 1509 significatum

266 1527 271 1532 ’
315 1546 525 1614 quem
573 1515 851 1620 αληθῆς
899 1520 1014 1590 hic
1055 1520 1343 1613 habeat,
1395 1544 1539 1590 non
1587 1518 2150 1649 obliviscendae,
2201 1518 2535 1611 Hesychii

315 1627 531 1696 verba
576 1625 810 1694 affert.
878 1620 1207 1724 αληθεά,
1262 1619 1592 1722 ἀψευδῆ,
1660 1622 1778 1696 καὶ
1822 1616 1921 1695 vo?
1960 1617 2070 1721 μή
2118 1626 2531 1696 ἐπιλανθα-

316 1723 620 1822 νόμενοι.
688 1725 1017 1826 ἀληθεῖς
1077 1734 1150 1800 οἱ
1181 1730 1404 1826 μηδὲν
1450 1719 2158 1820 ἐπιλανθανόμενοι,
2212 1752 2302 1806 ως
2341 1724 2536 1797 Πίν-

317 1836 562 1929 δαρος.
680 1832 775 1900 Αι
840 1831 1060 1923 primo
1134 1830 1517 1922 Hesychius
1592 1830 1921 1916 activam,
1999 1852 2136 1897 non
2201 1828 2532 1922 passivam

316 1936 877 2028 significationem
904 1935 1267 2003 adnotavit.
1371 1933 1641 2003 Deinde
1668 1943 1735 2002 et
1762 1933 1977 2001 activa
2003 1941 2070 2001 et
2097 1932 2361 2025 passiva
2401 1931 2536 2000 du—

315 2037 624 2109 bitationi
666 2039 999 2107 obnoxiae
1043 2039 1444 2120 manebunt,
1516 2060 1731 2128 usque
1788 2035 1952 2104 dum
1992 2036 2202 2104 verba
2240 2034 2534 2118 Pindari,

317 2165 497 2235 quae
534 2164 683 2212 rem
740 2143 1225 2234 comprobent,
1291 2141 1361 2209 in
1401 2142 1629 2209 lucem
1668 2139 1914 2209 fuerint
1960 2147 2322 2232 protracta.
2441 2139 2534 2208 Et

314 2258 686 2341 postquam
717 2244 789 2313 id
820 2246 1077 2314 factum
1117 2247 1275 2333 erit,
1326 2245 1451 2313 nisi
1489 2254 1591 2313 est
1620 2244 1752 2312 iam
1799 2242 2088 2330 factum,
2138 2243 2534 2311 innuuntur-

317 2372 452 2441 que
473 2346 725 2446 ‘lem
759 2343 1068 2429 ἁλαθέες
1098 2349 1169 2417 in
1213 2357 1403 2418 sexto
1436 2347 1624 2442 apud
1662 2345 2090 2416 Boeckhium
2127 2346 2534 2439 fragmento,

318 2453 714 2547 apparebit,
778 2452 1403 2545 interpretationem
1451 2453 1649 2521 istam
1700 2473 1950 2522 vanum
1993 2450 2336 2519 inventum
2385 2472 2534 2518 esse

318 2558 937 2652 grammaticorum.
1033 2556 1188 2656 §ed
1229 2556 1667 2643 Welckerus,
1733 2555 1851 2646 qui
1894 2563 2081 2623 recte
2118 2553 2397 2647 quidem
2418 2553 2533 2620 hic

318 2671 819 2755 pentametrum
858 2662 1083 2754 potius
1129 2683 1335 2751 quam
1369 2659 1839 2728 hexametrum
1872 2659 2181 2748 requirit,
2247 2660 2534 2726 activam

321 2764 908 2858 significationem,
957 2787 1102 2834 mm
1138 2763 1550 2851 immemor,
1603 2784 1877 2832 securus
1920 2761 2265 2853 adsciscit,
2325 2770 2531 2850 atque

318 2867 574 2938 idcirco
627 2866 918 2937 duorum
960 2876 1463 2960 postremorum
1500 2867 1684 2936 initia
1721 2888 2035 2935 versuum
2082 2866 2177 2934 sic
2221 2867 2535 2957 integrat,

323 2972 545 3054 οὒςδ
499 2972 577 3045 δὲ
629 3009 728 3023 --
773 2976 947 3052 τοῖς.
1049 3022 1093 3057 „
1112 2969 1263 3056 Eo
1280 2976 1326 3013 ‘⁶
1375 2972 1628 3062 inquit,
1693 2969 1957 3039 nititur
2007 2976 2080 3037 et
2130 2958 2255 3048 οὓς
2309 2967 2388 3040 δὲ
2430 3007 2536 3020 -

320 3081 475 3157 τοῖς
492 3128 521 3164 ,
591 3073 789 3167 quod
846 3073 1104 3167 posui,
1174 3083 1246 3144 et
1312 3083 1472 3144 tota
1530 3094 1751 3167 quam
1803 3071 2091 3141 restitut
2153 3070 2534 3157 sententia,

335 3177 659 3248 Cestium
696 3177 1011 3247 omnium
1055 3176 1492 3247 dilectorum
1534 3197 1835 3245 suorum
1874 3173 2272 3245 liber-nrum
2313 3173 2535 3243 etiam

323 3280 397 3349 ἱπ
466 3280 675 3351 caelo
737 3280 1122 3351 Pieridum
1194 3280 1593 3349 Musarum
1674 3278 1750 3346 ιἰι
1827 3279 2179 3351 societate
2256 3277 2537 3347 laetam

324 3383 745 3454 recordari.
823 3382 1410 3481 confirmandae
1440 3383 1610 3453 huic
1657 3381 2119 3452 coniecturae
2163 3379 2280 3468 sit,
2336 3381 2535 3475 quod

324 3487 447 3570 vix⁸
494 3487 655 3557 alia
705 3486 1155 3582 satisfacere
1191 3495 1480 3582 potest,
1533 3508 1723 3580 quae
1774 3485 2130 3580 χαίρουσα
2178 3506 2324 3554 uon
2374 3506 2539 3554 cum

316 3613 779 3686 praegresso
845 3590 999 3665 ἐστὶ
1068 3592 1518 3685 coniungens
1594 3589 1806 3659 aliud
1882 3584 2181 3658 verbum
2233 3592 2537 3683 ponat.“

326 3695 418 3762 At
446 3694 535 3765 de
561 3696 751 3764 caelo
803 3694 969 3764 nihil
1012 3694 1082 3764 in
1133 3696 1622 3789 epigrammate
1675 3692 1930 3761 dictum
1945 3743 1967 3780 ,
2018 3690 2373 3761 Musarum
2412 3713 2534 3759 au-

326 3807 464 3866 tem
532 3798 814 3867 societas
868 3822 910 3866 a
967 3798 1333 3867 Welckero
1400 3798 1677 3867 demum
1740 3818 1871 3889 per
1932 3796 2341 3865 vocabulum
2401 3817 2539 3863 non

330 3898 671 3970 Graecum
720 3901 921 3978 illata.
1027 3889 1239 3988 Quod
1280 3925 1439 3971 vero
1491 3898 1834 3969 contendit
1871 3896 2061 3975 haud
2094 3898 2293 3968 facile
2340 3898 2535 3965 aliam

326 4002 667 4074 inventum
730 4004 811 4073 iri
877 4006 1330 4074 coniecturam
1348 4058 1369 4096 ,
1443 4028 1620 4095 quae
1688 4002 2048 4073 satisfaciat
2061 4053 2082 4091 ,
2151 4001 2289 4071 hoc
2354 4020 2532 4092 quo-

328 4128 462 4194 que
519 4108 634 4176 illa
684 4107 911 4178 nititur
959 4109 1283 4203 petitione
1330 4108 1654 4202 principii
1670 4155 1692 4193 ,
1746 4106 1964 4197 quod,
1987 4102 2341 4202 χαίρουσα
2382 4126 2537 4173 cum

325 4210 483 4283 ’ἐστὶ
536 4213 619 4281 sit
669 4212 1234 4307 coniungendam.
1350 4213 1559 4282 Nulla
1605 4235 1682 4280 re
1732 4210 1857 4278 nisi
1911 4216 2140 4278 mente
2190 4230 2326 4277 non
2374 4230 2540 4302 per-

330 4314 629 4403 turbata,
705 4317 1013 4408 iustaque
1076 4316 1541 4386 observatione
1607 4335 1845 4384 eorum
1912 4334 2090 4405 opus
2154 4320 2287 4398 est,
2365 4332 2541 4401 quae

331 4412 562 4510 ling-ua
643 4428 711 4488 et
767 4430 1057 4489 metrum
1136 4429 1206 4488 et
1275 4420 1644 4513 conspicua
1723 4417 1795 4485 in
1859 4415 2096 4485 litteris
2166 4414 2541 4505 argumenti

336 4521 613 4613 vestigia
666 4524 775 4592 vel
824 4523 1219 4617 permittunt
1272 4524 1378 4593 vel
1432 4519 1904 4616 suppeditant,
1977 4528 2054 4587 ιιι
2102 4515 2281 4585 facili
2332 4539 2545 4610 opera
