3259 5275
1057 518 1224 583 LIB.
1271 522 1316 581 l.
1391 524 1585 582 CAP.
1630 528 1691 585 7.
2399 539 2480 597 21

268 707 611 903 εαῐιίτὲθὲῖῐ
633 707 702 781 in
731 718 1042 804 tempore
1070 708 1254 805 apud
1282 687 1660 781 Homerum
1686 709 1823 784 od.
1850 720 1921 807 β.
1960 712 2129 783 1⁰4.
2174 663 2271 808 (τ.
2309 718 2477 789 149.

267 840 316 884 ω

352 966 543 1040 ἔνθα
571 993 691 1041 κεν
723 961 1001 1089 ἠματίη
1027 966 1165 1060 μὲν
1195 963 1622 1063 υφαίυεσκεν
1651 971 1884 1065 μέγαν
1912 969 2168 1056 ἱστόν,

349 1063 618 1150 νύκτας
644 1066 718 1143 δ
746 1063 1148 1143 ἀλλύεσκεν.

261 1222 485 1290 Male
466 1245 537 1291 m
571 1221 674 1290 his
707 1222 869 1290 locis
895 1230 1241 1315 postrema
1266 1155 1496 1294 Wolfli
1524 1225 1732 1295 editio
1762 1227 1882 1297 καὶ
1915 1232 2218 1321 praebet.
2294 1232 2473 1304 Vide

260 1325 701 1395 Schaefernm
727 1326 794 1393 in
810 1325 1093 1416 praefat.
1123 1328 1215 1395 ad
1230 1329 1463 1395 Iuliani
1482 1339 1648 1397 orat.
1670 1330 1737 1397 in
1755 1330 2101 1399 Constant.
2121 1358 2192 1426 p.
2225 1335 2384 1404 XV!
2391 1339 2473 1410 ΙΙ.

261 1429 338 1497 de
369 1429 512 1497 hoc
546 1451 671 1497 usu
704 1429 1072 1521 particulae
1102 1429 1194 1503 ἄν
1229 1431 1684 1500 disserentem.
1750 1434 1860 1502 De
1888 1458 1963 1502 re
1994 1440 2263 1528 saepius
2291 1439 2475 1508 facta

261 1554 631 1601 sermonem
661 1555 846 1622 esse,
901 1533 1186 1601 verbum
1212 1534 1776 1623 frequentativum
1801 1537 2067 1606 indicat.
2172 1541 2317 1609 Sed
2344 1544 2471 1610 ad-

261 1636 469 1704 ditum
511 1635 634 1707 κὲν
677 1656 814 1703 non
856 1636 1156 1725 quotidie
1202 1638 1409 1706 telam
1444 1640 1734 1706 texuisse
1772 1639 2189 1733 Penelopam
2223 1647 2473 1737 signifi-

261 1749 392 1826 cat,
447 1738 572 1807 sed
612 1739 1015 1830 plerumque
1032 1788 1052 1825 ‚
1105 1750 1180 1807 ut
1209 1740 1388 1814 forte
1414 1742 1476 1810 ei
1506 1742 1778 1812 libebat.
1883 1743 2147 1814 Dubiae
2175 1750 2471 1817 auctori-

258 1844 399 1912 tatis
427 1842 566 1911 hoc
594 1853 700 1914 est
729 1827 917 1910 lfiad.
957 1870 1018 1914 υ.
1049 1840 1224 1914 Ί32.

352 2011 544 2108 ἄλλῳ
576 2007 654 2087 δ’
688 2015 767 2087 ἐν
798 1967 1152 2107 στήθεσσι
1183 2018 1394 2086 τιθεῖ
1419 2008 1592 2086 νόον
1625 2009 1950 2108 εὐρύοπα
1987 2012 2167 2099 Ζευς

353 2109 663 2191 ἐσθλόν·
717 2115 858 2188 τοῦ
893 2117 976 2189 δέ
996 2144 1081 2189 τε
1119 2115 1372 2188 πολλοὶ
1401 2114 1919 2211 ἐπαυρίσκοντ’
1945 2118 2365 2209 ἄνθρωποι·

351 2219 480 2292 καί
504 2246 589 2292 τε
620 2219 1219 2304 πολέαςμέσοίωσε,
1268 2214 1594 2311 μάλιστα
1624 2219 1711 2291 δέ
1733 2214 1802 2289 κ’
1834 2215 2060 2304 αὐτός
2089 2219 2385 2315 α’νέγνω.

252 2390 458 2459 Vetus
485 2388 663 2457 haec
691 2396 761 2458 et
800 2388 1029 2482 agnita
1063 2413 1105 2457 a
1134 2388 1589 2481 grammaticis
1627 2388 1961 2484 scriptura
1999 2401 2133 2474 est,
2161 2399 2474 2480 *quorum

252 2496 554 2578 fuerunt,
642 2493 757 2581 qui
823 2486 1087 2572 καύτός
1148 2514 1280 2583 pro
1351 2491 1471 2563 καὶ
1527 2486 1748 2570 αὑτός
1821 2491 2078 2560 dictum
2136 2505 2473 2585 putarent,

254 2598 361 2666 alii
391 2605 618 2667 autem
654 2624 730 2668 κε
773 2595 1117 2664 abundare
1146 2594 1491 2665 dixerunt:
1541 2593 1812 2683 utrique
1841 2597 2037 2670 male.
2123 2597 2268 2666 Sed
2307 2601 2475 2669 mori

253 2709 498 2794 poetae
523 2700 1020 2768 convenientius
1063 2709 1163 2769 est
1195 2700 1282 2775 δέ
1305 2725 1408 2773 τε.
1514 2699 1673 2768 Non
1715 2696 2054 2770 diversum
2090 2712 2194 2771 est
2210 2754 2232 2794 ,
2287 2702 2475 2794 quod

254 2805 500 2898 legitur
527 2801 665 2874 od.
702 2828 766 2875 σ.
807 2800 979 2871 260.

351 2956 474 3031 καὶ
500 2949 644 3051 γοῖρ
688 2953 941 3052 Τρωας
976 2954 1177 3081 φασὶ*
1187 2982 1520 3053 μαχητας
1556 2954 1871 3049 ἔμμεναι
1868 2954 2216 3079 findente,

351 3059 401 3157 ἢ
429 3059 570 3152 μὲν
603 3051 1076 3148 ἀκοντιστάς,
1129 3056 1177 3155 ἢ
1205 3059 1282 3133 δὲ
1318 3057 1635 3182 ῥυτῆρας
1673 3055 1980 3148 ὀϊστῶν,

353 3170 595 3236 ἵππων
623 3187 670 3235 τ
683 3154 1121 3235 ’ω’κυπόδων
1157 3155 1641 3258 ἐπιβήτορας,
1696 3169 1780 3235 οἵ
1803 3178 1889 3236 ’κε
1919 3155 2236 3253 τάχιστα

354 3266 652 3361 ἔκριναν
674 3265 863 3358 μέγα
899 3269 1126 3345 νεῖκος
1151 3261 1453 3357 ὁμοιΐου
1485 3265 1870 3359 πολέμοιο.

264 3433 481 3504 Verba
527 3442 680 3502 sunt
713 3433 970 3523 Vlyssis
1012 3433 1105 3501 ad
1135 3434 1417 3503 Troiam
1456 3433 1832 3526 profecturi
1848 3485 1868 3522 ‚
1937 3432 2053 3522 qui
2100 3433 2223 3501 etsi
2270 3431 2478 3502 fortes

266 3538 604 3629 perhiberi
645 3536 978 3606 Troianos
1023 3538 1150 3627 ait,
1202 3547 1427 3605 tamen
1465 3558 1603 3604 non
1646 3534 1912 3604 videtur
1959 3535 2142 3605 bella
2196 3537 2479 3622 novisse,

267 3664 432 3730 quae
457 3641 547 3708 ab
578 3640 652 3707 iis
684 3638 967 3708 feliciter
991 3650 1187 3732 gesta
1223 3664 1370 3709 esse
1400 3640 1679 3726 diceret,
1729 3639 1852 3707 sed
1881 3638 2016 3706 hoc
2047 3646 2304 3707 tantum
2337 3640 2485 3707 vel-
2539 3642 2546 3649 ’

268 3744 360 3829 le,
406 3745 588 3812 viros
629 3742 842 3811 fortes
871 3741 1069 3813 facile
1099 3766 1303 3835 posse
1343 3745 1646 3832 quamvis
1673 3764 1996 3834 magnum
2029 3743 2286 3811 bellum
2315 3763 2487 3834 pro-

267 3847 517 3939 fligare.
623 3845 858 3936 ltaque
892 3846 1027 3914 hoc
1059 3869 1335 3937 quoqne
1373 3848 1440 3914 in
1481 3846 1637 3914 loco
1676 3854 1954 3938 poetam
1985 3852 2070 3918 οἴ
2090 3872 2173 3917 τε
2217 3843 2487 3913 dedisse

268 3971 394 4017 non
434 3949 711 4017 dubium
745 3972 892 4019 esse
930 3961 1119 4041 puto.
1224 3949 1590 4042 Apertiora
1620 3949 1797 4016 haec
1833 3957 1987 4016 sunt
2020 3947 2384 4040 Sophoclis
2420 3950 2488 4016 in

270 4052 639 4121 Philocleta
658 4076 719 4121 ν.
746 4049 918 4121 289.
989 4123 993 4127 ,

1198 4198 1378 4303 προς
1411 4204 1491 4278 δὲ
1522 4200 1785 4283 τοῦθ’,
1845 4201 1888 4276 ὅ
1910 4230 2044 4295 μοι
2071 4197 2295 4297 βάλοι

474 4301 960 4432 νευροσπαδης
993 4333 1396 4405 ατρακτος,
1452 4300 1677 4387 αὐτός
1707 4334 1799 4380 αν
1833 4300 2059 4387 ταλας

478 4407 815 4531 εἰλυόμην
849 4405 1195 4537 δύστηνος
1218 4413 1508 4494 ἐξέλκων
1534 4402 1733 4483 πόδα

476 4540 656 4619 προς
680 4513 864 4589 τοῦτ
928 4512 1056 4587 ἄν·
1122 4516 1195 4588 εἴ
1216 4510 1292 4589 τ’
1327 4514 1476 4589 ἔδει
1504 4540 1582 4587 τι
1615 4511 1737 4588 καὶ
1769 4537 2001 4585 ποτον
2031 4513 2323 4602 λαβεῖν,
