3259 5275
834 493 1410 562 mcnrmmuvm
1461 491 1688 554 ussa
1734 491 2042 555 eumve.
2418 495 2547 561 ω

331 723 408 771 se
451 719 589 768 non
635 692 922 787 amplius
964 688 1285 757 adversus
1332 706 1443 752 me
1489 682 1900 775 scripturum
1956 705 2103 752 esse
2152 677 2538 758 affirmaret.

333 805 497 890 Quo
528 799 875 870 confessus
900 802 1004 864 est
1031 788 1446 874 iniustitiam,
1489 807 1625 876 qua
1653 797 1724 855 et
1748 786 1982 856 fuisset
2018 807 2233 877 usque
2269 786 2356 857 ad
2386 811 2541 857 eum

332 907 516 976 diem
554 895 1157 997 reprehendendo,
1210 899 1281 964 et
1308 890 1570 961 futurus
1602 899 1780 959 esset
1812 912 1948 958 non
1977 890 2542 983 reprehendendo

330 1009 658 1105 posthac:
726 1026 878 1075 nam
936 1021 1161 1090 neque
1176 1048 1198 1082 ,
1264 995 1319 1062 si
1360 1016 1495 1064 non
1553 1015 1886 1080 mererer,
1947 993 2277 1086 stringere
2318 995 2386 1063 in
2433 1018 2543 1063 me

331 1114 472 1183 tela
517 1135 638 1182 sua
680 1106 1009 1189 debebat,
1062 1100 1219 1194 quia
1271 1096 1559 1179 odisset3
1610 1118 1834 1187 neque
1849 1146 1870 1178 ,
1926 1097 1979 1165 si
2028 1119 2357 1185 mererer,
2407 1120 2546 1166 non

332 1219 706 1310 stringere,
766 1210 925 1301 quia
969 1207 1148 1275 bene
1186 1204 1249 1272 ei
1281 1200 1546 1269 vellem.
1649 1199 1805 1268 Dixi
1841 1200 1955 1284 iis,
2007 1201 2127 1290 qui
2173 1199 2340 1270 illud
2380 1200 2547 1270 mihi

332 1320 732 1400 narrabant,
784 1333 920 1384 non
966 1318 1379 1380 cessaturum
1424 1302 1869 1372 maledicere:
1920 1325 2056 1371 non
2099 1326 2303 1397 posse
2347 1304 2545 1377 enim.
2637 1342 2646 1349 ·

330 1425 432 1493 Et
458 1423 773 1516 profecto
821 1418 1038 1486 factus
1068 1422 1170 1482 est
1203 1408 1405 1479 etiam
1443 1407 1768 1476 acerbior.
1877 1404 2063 1476 Olim
2106 1408 2283 1476 enim
2311 1430 2548 1477 eorum

332 1549 515 1619 quae
551 1550 594 1594 a
634 1547 747 1593 me
788 1521 1042 1611 scripta
1097 1524 1290 1585 erant
1327 1511 1458 1579 alia
1494 1533 1635 1579 non
1675 1507 2147 1602 improbabat,
2216 1511 2346 1579 alia
2373 1533 2545 1602 pro—

332 1632 580 1716 babat,
633 1628 763 1696 alia
804 1624 1007 1695 etiam
1048 1617 1403 1688 laudabat:
1454 1614 1524 1681 in
1553 1614 1634 1682 iis
1685 1634 1884 1699 vcro,
1936 1636 2114 1704 quae
2161 1614 2425 1707 scripsit
2458 1613 2547 1682 ad

332 1731 868 1804 Demosthenem
920 1737 992 1796 et
1038 1717 1473 1793 Plutarchum
1490 1765 1513 1801 ‚
1563 1716 1812 1809 probat
1854 1716 2018 1785 nihil
2031 1769 2052 1800 ,
2110 1716 2549 1810 reprehendit

332 1838 563 1907 omnia
577 1884 598 1921 ,
651 1833 885 1903 tribuit
905 1850 1083 1920 quae
1106 1848 1245 1896 non
1277 1829 1507 1916 potest
1539 1817 2046 1913 reprehendere
2082 1821 2205 1888 sibi
2234 1820 2340 1888 vel
2386 1820 2554 1902 aliis,

332 1942 672 2034 vituperat
729 1937 1109 2005 universam
1161 1928 1487 1998 rationem
1532 1923 1937 2010 studiorum,
2003 1933 2236 1992 monet
2276 1924 2549 1993 iuvenes

336 2044 570 2114 litteris
606 2062 889 2134 operam
932 2036 1167 2105 dantes
1211 2054 1300 2100 ne
1344 2026 1622 2096 audiant
1662 2049 1812 2113 me,
1866 2025 2052 2095 cuius
2083 2026 2171 2094 in·
2193 2025 2356 2095 ludo
2386 2025 2550 2096 nihil

333 2149 461 2218 nisi
486 2168 690 2231 vana,
730 2145 992 2235 inepta,
1040 2159 1254 2231 prava
1292 2132 1666 2216 discantur,
1717 2129 2041 2220 quodque
2072 2131 2371 2199 omnium
2398 2153 2550 2200 ma..

333 2253 518 2344 xime
542 2251 787 2318 mirum
820 2254 962 2334 est,
1011 2242 1116 2311 his
1144 2240 1347 2309 rebus
1382 2258 1454 2303 se
1486 2232 1650 2303 boni
1688 2233 1810 2300 viri
1840 2231 2073 2300 officio
2109 2230 2304 2325 fungi
2333 2241 2546 2326 putat.

333 2357 507 2425 Mea
534 2352 812 2444 quidem
845 2344 1172 2418 sententia
1216 2340 1460 2410 rectius
1509 2346 1579 2405 et
1615 2338 1854 2405 saltem
1884 2333 2229 2404 honestius
2260 2337 2548 2422 fecisset,

337 2462 393 2529 si
430 2455 835 2550 perrexisset
878 2450 1198 2522 lectiones
1230 2441 1668 2513 Academicas
1714 2438 1972 2508 habere
1990 2489 2011 2524 ,
2063 2438 2446 2529 litterasque
2482 2449 2554 2509 et

338 2560 819 2632 humanitatem
863 2555 1113 2625 docens
1162 2549 1344 2618 hunc
1376 2543 1613 2613 ludum
1663 2565 1887 2612 meum
1935 2541 2208 2611 condita
2253 2543 2542 2612 melioris
2558 2542 2607 2613 5

338 2664 635 2757 exempli
696 2661 935 2732 schola
987 2657 1413 2726 obscurasset
1471 2657 1677 2738 atque
1739 2646 2079 2717 oblivione
2134 2646 2546 2736 obduxisset,

338 2791 551 2863 quum
607 2764 1006 2859 praesertim
1054 2759 1254 2828 etiam
1307 2752 1689 2823 doctrinam
1751 2749 2133 2831 metricam,
2205 2762 2276 2817 ut
2321 2750 2552 2832 fertur,

338 2873 635 2966 hydram
676 2871 871 2937 istam
919 2866 1300 2935 Lernaeam
1314 2905 1335 2939 ,
1401 2877 1578 2946 quae
1630 2854 1720 2922 ab
1757 2853 2163 2923 Herculibus
2217 2865 2285 2921 et
2325 2853 2553 2921 Hera-

338 2976 558 3047 cliscis
593 2972 817 3041 occisa
845 2967 1146 3038 noudum
1183 2963 1415 3056 periit,
1469 2956 1848 3027 decreverit
1881 2956 2321 3048 exstinguere.
2409 2955 2552 3025 Sed

338 3104 480 3152 non
518 3078 706 3148 satis:
750 3092 1112 3168 aggressus
1152 3078 1262 3137 est
1293 3065 1493 3134 etiam
1523 3061 1840 3147 animum,
1891 3058 2411 3127 obtrectatorem
2442 3081 2553 3127 me

338 3182 1033 3267 calumniatoremque
1092 3192 1341 3241 vocans
1360 3217 1382 3253 ‚
1461 3163 1751 3254 denique
1813 3160 1976 3232 nihil
2031 3182 2167 3230 non
2221 3162 2377 3231 mali
2431 3183 2551 3231 ex-

334 3288 696 3384 probrans.

551 3436 948 3521 petulans,
987 3436 1382 3525 protervo,
1429 3411 1798 3489 iracundo
1848 3412 2130 3501 animo,
2180 3415 2551 3504 indomito,

1548 3517 1994 3614 incogitata,

554 3642 736 3716 Sine
789 3636 1013 3706 modo
1080 3640 1154 3703 et
1215 3623 1584 3699 modestia
1649 3642 1847 3708 sum,
1927 3620 2082 3691 sine
2150 3617 2333 3688 bono
2395 3618 2554 3689 iure

1360 3748 1365 3755 ’
1554 3734 1779 3820 atque
1815 3724 2124 3810 honore,

558 3837 1066 3926 Incredibilis,
1125 3835 1506 3932 imposque
1551 3827 1811 3916 animi,
1870 3822 2327 3912 inamabilis,
2392 3824 2553 3894 iue-

1537 3933 1774 4029 pidus
1819 3929 2020 4017 vivo,

561 4046 1052 4121 Malevolente
1096 4036 1392 4136 ingenio
1435 4045 1681 4109 natus.

342 4204 496 4279 Sed
534 4201 793 4275 etiamsi
820 4196 1085 4268 ethaec
1111 4202 1184 4263 et
1222 4215 1400 4284 quae
1427 4192 1690 4282 reliqna
1726 4184 1819 4255 de
1852 4205 1926 4254 se
1953 4182 2067 4254 ille
2103 4179 2323 4252 Plauti
2349 4177 2554 4248 Mne-

197 4293 203 4297 *
346 4308 646 4381 silochus
670 4302 1052 4400 praedicat,
1099 4299 1169 4366 in
1194 4319 1309 4366 me
1343 4304 1663 4389 expetere
1704 4286 2012 4358 crederet
2025 4333 2048 4372 ‚
2110 4294 2334 4354 tamen
2378 4304 2553 4350 con-

348 4413 589 4484 sultius
627 4418 806 4495 erat,
871 4405 1117 4499 opinor
1134 4453 1152 4480 ,
1206 4398 1464 4492 aliquid
1504 4399 1741 4468 saltem
1778 4390 1946 4461 mihi
1987 4396 2058 4458 et
2099 4389 2241 4456 veri
2280 4393 2350 4455 et
2381 4385 2550 4465 boni

348 4517 772 4608 rofinquere,
822 4532 912 4581 ne
939 4531 1014 4578 se
1053 4507 1203 4599 ipse
1241 4502 1466 4575 iudicii
1496 4498 1684 4573 haud
1713 4517 1872 4566 sane
1901 4488 2270 4583 incorrupti
2293 4510 2549 4581 suspe-
