3259 5275
682 483 697 500 ‘
771 495 899 558 εει
1278 475 1287 486 “
1511 471 2264 543 autumnans

980 682 1065 754 V.
1099 676 1272 749 282.
1324 674 1515 745 nimis
1548 668 1945 764 languidum
1972 676 2107 753 est,
2160 662 2350 756 quod
2375 662 2658 757 legitur,

884 839 1097 912 ἔνθεν
1128 820 1530 926 ἀριστεύων
1564 817 1885 921 ἐμφύλια
1920 815 2161 894 πάντα
2193 811 2442 892 διιόκω.

782 991 928 1063 Sed
976 1008 1184 1078 quum
1225 1006 1362 1052 non
1406 989 1801 1071 corruptum
1845 975 2153 1043 videatur
2192 966 2481 1060 πάντα,
2543 967 2779 1037 deesse
2821 988 2973 1034 ver-

680 1102 781 1173 20
798 1095 946 1165 suin
974 1099 1166 1185 puto,
1217 1089 1284 1155 in
1313 1108 1449 1176 quo
1480 1081 1960 1151 substantivum
1993 1088 2169 1162 erat,
2220 1076 2513 1157 virtutes,
2564 1070 2819 1159 laudes,
2864 1070 2976 1138 de·
3069 1101 3072 1104 ¹

783 1221 943 1268 cora
988 1193 1386 1286 significans,
1491 1186 1638 1257 Sed
1670 1183 1970 1274 quamvis
2003 1180 2223 1249 multis
2255 1180 2323 1248 in
2362 1178 2529 1247 locis
2570 1179 2875 1247 mutilum
2901 1176 2980 1244 sit

779 1303 915 1371 hoc
951 1315 1255 1381 carmen,
1306 1301 1531 1360 tamen
1559 1299 1721 1382 post
1750 1287 1879 1356 hos
1906 1308 2171 1372 versus,

886 1449 984 1528 ὥν
1015 1450 1059 1523 ὃ
1084 1446 1221 1544 μὲν
1261 1443 1608 1542 ἡμετέρης
1641 1433 2027 1536 δωμήσατο
2067 1436 2310 1529 τείχεα
2345 1429 2656 1531 πάτρης,

884 1554 1127 1645 τείχεα
1156 1542 1262 1643 μή
1291 1546 1700 1633 πίπτοντα,
1759 1533 2188 1616 Ποσειδάων
2213 1537 2331 1614 καὶ
2357 1532 2738 1617 Ἀπόλλων
2757 1591 2787 1626 ,

781 1712 898 1803 qui
936 1703 1190 1797 aliquid
1230 1701 1554 1772 excidisse
1580 1704 1856 1793 putant,
1910 1718 1994 1763 eo
2026 1694 2273 1786 opinor
2311 1690 2473 1757 moti
2489 1735 2510 1773 ‚
2565 1688 2753 1781 quod
2778 1703 2983 1779 quum

785 1816 831 1888 ὃ
859 1813 995 1907 μὲν
1025 1808 1264 1878 dixerit
1289 1814 1518 1899 poeta,
1575 1802 1819 1871 deinde
1847 1801 2169 1891 Neptuno
2205 1795 2404 1862 etiam
2435 1795 2830 1885 Apollinem
2864 1792 2983 1861 ad-

783 1921 1050 2010 iungat,
1102 1911 1291 1980 nimis
1327 1908 1576 2001 rig-idas
1608 1905 1773 1974 mihi
1806 1902 2114 1971 videntur
2144 1899 2416 1968 dictioni
2445 1900 2757 1990 poeticae
2797 1900 2983 1991 leges

787 2021 1102 2091 scribere.
1207 2015 1283 2084 Si
1318 2021 1544 2080 tamen
1578 2006 1835 2100 aliquid
1864 2004 2113 2075 excidit
2128 2054 2148 2090 ‚
2194 2025 2332 2071 non
2377 2001 2505 2070 fuit
2544 2002 2619 2070 id
2662 2001 2885 2087 aliud,
2935 2000 2987 2069 si

786 2124 950 2216 quid
986 2145 1120 2215 ego
1152 2116 1386 2203 video,
1439 2123 1644 2206 quam
1670 2133 1839 2180 unus
1865 2131 2130 2191 versus,
2161 2108 2273 2176 -de
2302 2128 2438 2196 quo
2463 2107 2708 2174 -nescio
2739 2129 2828 2174 an
2870 2105 2985 2173 ali-

787 2227 955 2318 quid
994 2221 1221 2294 iudicii
1267 2220 1472 2288 faciat
1516 2218 1852 2308 scriptura
1888 2211 2140 2280 codicis
2172 2210 2348 2277 Mut.
2393 2208 2505 2298 qui
2544 2232 2676 2302 pro
2716 2201 2825 2304 μή
2865 2205 2986 2280 πί..

784 2358 1070 2404 πτοντα
1114 2324 1386 2395 exhibet
1429 2318 1970 2414 μαρμαίροντα.
2075 2314 2158 2382 ld
2204 2311 2563 2381 Bekkerus
2602 2313 2749 2381 iure
2795 2321 2985 2404 post·

785 2433 1024 2503 habuit
1080 2426 1432 2518 vulgatae,
1484 2445 1661 2513 quae
1710 2421 1924 2488 multo
1967 2417 2207 2485 fortior
2258 2425 2376 2484 est.
2483 2415 2673 2502 Quid
2714 2438 2886 2484 vero
2937 2413 2988 2483 si

781 2548 1009 2605 tamen
1052 2545 1214 2601 vera
1254 2538 1356 2597 est
1395 2526 1645 2595 codicis
1686 2524 1857 2593 iuius
1905 2521 2233 2614 scriptura
2251 2570 2272 2607 ‚
2326 2518 2677 2588 coniuncta
2718 2519 2988 2610 quidem

785 2664 939 2709 cum
968 2639 1277 2731 vulgata:

890 2781 988 2860 ὧν
1025 2784 1070 2858 ὃ
1104 2782 1243 2879 μὲν
1281 2783 1627 2882 ἡμετέρης
1655 2778 2042 2878 δωμήσατο
2074 2778 2316 2871 τείχεα
2349 2772 2660 2876 πάτρης,

802 2948 813 2959 ,
890 2889 1134 2980 τείχεα
1167 2887 1739 2984 μαρμαίροντα,
1796 2878 2224 2959 Ποσειδάων
2254 2882 2373 2955 καὶ
2403 2877 2778 2958 Ἀπόλλων
2792 2938 2822 2973 ,

866 2994 1131 3099 ,τείχεα
1160 2986 1268 3090 μή
1303 2991 1667 3064 πίπτοντα
1772 3035 2647 3057 ........
2654 2986 2660 2993 ’

991 3146 1075 3220 V.
1126 3144 1296 3218 295.
1362 3146 1518 3235 Non
1568 3163 1843 3235 prorsus
1889 3140 2210 3210 abhorret
2254 3138 2342 3206 ab
2396 3161 2521 3207 usu
2569 3137 2990 3209 Graecorum

654 3286 666 3297 ·
790 3249 934 3342 καί,
980 3251 1170 3342 quod
1198 3249 1288 3319 ad
1307 3258 1521 3318 totam
1544 3247 1938 3315 sententiam
1955 3244 2306 3338 pertineat,
2337 3243 2740 3311 collocatum
2772 3244 2987 3326 uthic,

891 3401 971 3502 ἦς
999 3410 1231 3479 ἕνεκεν
1263 3404 1568 3500 τέτληκα
1598 3398 1721 3477 καὶ
1755 3401 2073 3491 οἴδματα
2103 3388 2338 3469 πολλοῖ
2361 3395 2693 3493 περῆσαι.

793 3557 937 3627 Sed
968 3567 1193 3626 tamen
1226 3555 1596 3649 elegantius
1630 3548 1733 3626 δι’
1772 3553 2090 3641 οἴδματα
2121 3548 2508 3640 scripsisset.
2612 3549 2847 3636 Quum
2874 3572 2987 3618 au-

792 3670 932 3728 tem
953 3661 1177 3729 Nomii
1208 3670 1390 3729 secta
1414 3665 1595 3727 amet
1620 3655 2007 3749 partitiones
2032 3675 2158 3745 per
2196 3651 2333 3719 duo
2366 3650 2488 3723 καὶ
2513 3650 2722 3722 factas
2737 3705 2760 3739 ‚
2812 3651 2986 3722 haud

716 3846 721 3850 .
794 3763 933 3860 scio
983 3787 1068 3832 an
1110 3762 1386 3854 perierit
1427 3783 1656 3831 versus
1697 3758 1936 3827 eadem
1979 3757 2220 3823 vocula
2258 3755 2618 3847 incipiens,
2665 3757 2802 3827 hac
2844 3781 2986 3827 sen-

795 3867 1035 3935 tentia:
1090 3875 1160 3937 et
1199 3875 1357 3936 tam
1387 3870 1717 3934 &emotas
1749 3861 2090 3956 regiones
2118 3858 2351 3929 adire.

997 4020 1083 4093 V.
1119 4017 1290 4089 297.
1336 4017 1799 4088 scribendum:

898 4174 972 4245 εἴ
987 4200 1084 4264 με
1116 4164 1701 4262 καταισχύνειας,
1755 4164 1939 4266 ἐμήν
1965 4166 2083 4241 καὶ
2109 4160 2410 4263 Κύπριν
2435 4164 2748 4258 ἐλέγξειε.

796 4324 1007 4411 Quae(
1022 4333 1427 4415 sequuntur,
1475 4324 1569 4392 ita
1603 4319 2048 4391 continuanda
2077 4328 2261 4389 sunt}

902 4473 1029 4552 οὐκ
1064 4481 1269 4577 ἐρέω·
1323 4476 1401 4552 τί
1427 4480 1504 4553 δὲ
1529 4470 1798 4551 τόσσον
1829 4474 2310 4571 ἐπισταμένην
2342 4497 2423 4545 σε
2458 4463 2761 4557 διδάξω,
2803 4558 2812 4571 t
