3259 5275
733 498 876 575 124'
1447 505 1566 569 DE
1607 503 2142 570 PARTICVLA
2184 499 2283 570 ὃν

1758 782 1916 856 XII.

737 936 868 1007 De
932 932 1165 1021 ὅπως
1227 944 1314 1007 et
1382 931 1616 1018 ὅπως
1678 930 1803 1035 μή
1870 957 2064 1007 cum
2107 894 2458 1030 futuro
2517 937 2665 1007 vel
2731 958 2954 1008 con-

883 1057 1343 1147 iunctivo,
1395 1055 1619 1127 item
1668 1057 1782 1127 de
1833 1052 1987 1131 οὐκ
2039 1056 2204 1149 ἔχω
2259 1053 2491 1139 ὅπως
2540 1066 2627 1128 et
2676 1057 2816 1128 si-

1640 1175 2040 1249 milibus.

936 1316 1136 1402 Quae
1182 1314 1530 1384 Dawesius
1565 1313 1658 1383 de
1703 1313 2194 1383 constructione
2237 1314 2719 1407 particularum
2764 1312 2953 1397 ὅπως

728 1445 833 1512 μη
874 1418 1204 1504 disseruit,
1255 1417 1345 1487 ad
1374 1441 1578 1509 quem
1613 1440 1934 1510 magnam
1960 1418 2096 1485 vim
2128 1418 2619 1510 exemplorum,
2667 1418 2794 1488 sed
2821 1418 2948 1487 ad-

726 1523 944 1592 mixtis
982 1522 1212 1592 alienis
1241 1523 1583 1615 congessit
1609 1520 1924 1607 Kiddius‚
1977 1520 2573 1590 commemorando
2618 1523 2767 1592 usui
2796 1545 2950 1590 ma-

724 1627 831 1720 gis
862 1635 932 1694 et
963 1624 1429 1694 confirmando
1446 1674 1468 1712 ‚
1518 1648 1724 1715 quam
1754 1623 2154 1715 explicando
2194 1634 2399 1716 atque
2431 1647 2475 1692 a
2515 1624 2949 1695 dubitationi-

726 1731 856 1799 bus
885 1727 1236 1798 liberando
1262 1737 1430 1797 sunt.
1535 1729 1628 1795 Vt
1654 1726 2049 1795 indicativus
2075 1729 2426 1797 veritatem
2455 1729 2556 1796 rei
2583 1738 2805 1816 notat,
2854 1729 2950 1797 ita

728 1834 1183 1902 coniunctivus
1230 1830 1537 1926 pendere
1579 1829 1745 1921 quid
1781 1852 1867 1898 ex
1905 1830 2035 1897 alia
2065 1853 2142 1900 re
2170 1831 2450 1919 indicat,
2502 1854 2726 1923 eoque
2776 1832 2948 1919 fieri,

724 1936 783 2006 si
825 1934 993 2004 illud
1029 1937 1168 2003 fiat.
1272 1935 1376 2004 lta
1422 1936 1491 2003 in
1530 1935 1831 2003 oratioue
1864 1942 2089 2024 recta,
2141 1936 2257 2024 qui
2294 1935 2439 2015 πῶς
2468 1927 2801 2032 λήψομαι
2844 1935 2947 2003 di·

728 2040 849 2127 cit,
899 2040 1156 2108 nescire
1186 2062 1261 2108 se
1297 2037 1580 2126 indicat,
1630 2035 1980 2128 quomodo
2008 2035 2173 2127 quid
2201 2046 2601 2130 accepturus
2631 2038 2733 2107 sit.
2806 2038 2945 2124 Qui

721 2144 835 2213 ille
874 2143 1119 2211 modus
1163 2144 1283 2233 sit,
1352 2166 1492 2233 quo
1532 2142 1848 2233 accipiet,
1914 2139 2099 2209 facto
2144 2149 2531 2234 cognoscet.
2636 2140 2781 2211 Sed
2827 2143 2945 2232 qui

723 2247 886 2315 dicit
934 2247 1080 2328 πῶς
1127 2238 1326 2340 λα’βω
1341 2295 1363 2333 ,
1416 2245 1724 2314 dubitare
1765 2268 1839 2313 se
1882 2243 2247 2336 significat,
2300 2243 2649 2335 quomodo
2690 2268 2944 2337 capere

719 2349 887 2443 quid
915 2349 1165 2418 debeat
1193 2350 1235 2416 i.
1269 2371 1329 2417 e.
1361 2348 1529 2439 quid
1554 2347 1680 2417 sib-i
1706 2346 2092 2415 faciendum
2117 2347 2221 2436 sit,
2264 2357 2341 2416 ut
2368 2348 2608 2440 capiat.
2673 2347 2943 2417 Eadem

719 2454 977 2523 ratione
1008 2449 1414 2520 differunt‘
1368 2478 1557 2532 οπως
1597 2444 1932 2548 λήψομαι
1968 2459 2039 2519 et
2067 2448 2256 2530 ὅπως
2288 2443 2508 2545 λα’βω.
2614 2452 2794 2522 Nam
2823 2454 2942 2542 qui

720 2556 885 2626 facit
927 2553 1171 2647 quid‘
1124 2581 1313 2637 οπως
1342 2549 1692 2653 λήψεται,
1745 2553 1910 2622 facit
1934 2554 2006 2622 id
2035 2576 2122 2623 eo
2148 2554 2358 2623 modo
2375 2605 2395 2643 ,
2449 2577 2587 2646 quo
2619 2556 2939 2649 accipiet:

723 2684 808 2731 ex
834 2682 970 2750 quo
1008 2669 1202 2752 patet
1246 2682 1393 2728 esse
1419 2667 1893 2751 accepturum·
1948 2660 2063 2749 qui
2104 2667 2330 2727 autem
2360 2655 2549 2740 ὅπως
2578 2652 2801 2757 λάβῃ,
2855 2684 2941 2729 eo

717 2762 929 2834 modo
944 2813 965 2850 ‚
1033 2785 1171 2854 quo
1230 2762 1483 2832 debeat
1524 2762 1871 2855 accipere·
1923 2761 2111 2851 quod
2160 2770 2262 2831 est
2312 2785 2466 2831 cum
2524 2761 2940 2834 dubitatione

718 2868 1168 2954 coniunctum,
1227 2890 1314 2936 an
1346 2889 1482 2935 non
1516 2868 1601 2936 sit
1626 2877 2047 2958 accepturus.
2149 2866 2511 2935 Praeterea
2542 2865 2939 2937 indicativus

720 2980 973 3041 certam
1006 2970 1220 3039 habet
1257 2972 1583 3063 temporis
1619 2970 2037 3038 notationem
2055 3018 2077 3056 ‚
2127 2992 2304 3059 quae
2333 2969 2583 3061 inipso
2614 2971 2937 3062 cuiusque

714 3072 1052 3144 indicativi
1083 3083 1390 3167 tempore
1419 3075 1628 3144 inest:
1679 3097 1840 3142 nam
1866 3073 2068 3141 etiam
2098 3073 2444 3165 praeteriti
2469 3082 2539 3141 et
2562 3075 2936 3165 praesentis

713 3177 1109 3247 indicativus
1150 3187 1544 3270 usurpatur:
1597 3177 2054 3246 coniunctivae
2091 3185 2349 3264 autem,
2400 3177 2560 3266 quia
2597 3201 2733 3246 non
2768 3177 2934 3269 quid

710 3284 852 3373 fiat,
912 3281 1035 3351 sed
1067 3281 1230 3373 quid
1267 3280 1516 3350 debeat
1540 3282 1688 3349 fieri
1716 3281 2071 3373 significat,
2120 3302 2252 3370 per
2282 3303 2355 3349 se
2383 3289 2569 3349 caret
2599 3284 2933 3350 notatione

708 3387 1033 3477 temporis
1048 3439 1069 3477 ‚
1137 3407 1542 3477 semperque
1585 3384 1878 3453 refertur
1920 3382 2010 3451 ad
2057 3392 2328 3476 tempus
2375 3384 2566 3452 verbi
2607 3385 2931 3475 primarii,

710 3499 1057 3578 tamquam
1113 3487 1202 3556 ad
1258 3510 1581 3579 praesens
1637 3510 1863 3576 suum,
1929 3486 2086 3577 quia
2133 3485 2464 3577 quidquid
2509 3486 2718 3557 debet
2760 3489 2930 3572 fieri,

710 3593 851 3662 eius
897 3615 1171 3661 caussae
1201 3592 1336 3659 iam
1378 3591 1616 3660 adesse
1658 3591 1912 3660 debent
1960 3612 2117 3659 cum
2169 3613 2252 3658 ea
2295 3589 2445 3682 ipsa
2486 3613 2586 3681 re,
2638 3601 2929 3683 propter

705 3717 913 3786 quam
945 3696 1092 3764 fieri
1131 3694 1372 3782 debet,
1425 3694 1680 3763 etiamsi
1722 3694 2024 3763 nondum
2063 3693 2147 3761 sit
2169 3694 2440 3765 factum.
2541 3695 2781 3785 ltaque
2823 3696 2929 3762 in-

705 3798 973 3867 dicativi
1018 3807 1087 3867 et
1127 3798 1529 3867 coniunctivi
1575 3820 1734 3866 cum
1772 3795 1960 3878 ὅπως
2001 3798 2527 3866 constructiones
2574 3820 2659 3866 eo
2725 3797 2926 3866 diffe-

705 3911 861 3971 runt
878 3951 899 3989 ‚
950 3900 1141 3992 quod
1187 3900 1579 3970 indicativus
1638 3901 2023 3994 opinionem
2072 3908 2189 3968 aut
2233 3900 2644 3969 voluntatem
2657 3952 2678 3989 ‚
2744 3910 2927 3970 certa

704 4006 1029 4097 temporis
1076 4005 1417 4074 notatione
1466 4005 1782 4073 adiuncta
1798 4054 1819 4091 ‚
1888 4002 2339 4072 coniunctivus
2391 4013 2616 4073 autem
2669 4015 2923 4074 metum

704 4108 814 4178 vel
846 4107 1326 4177 dubitationem
1339 4158 1360 4195 ,
1414 4118 1756 4178 carentem
1791 4108 2131 4176 notatione
2165 4107 2489 4199 temporis
2503 4158 2524 4195 ‚
2577 4098 2701 4177 sed
2727 4131 2919 4201 prae-

705 4221 960 4283 sentem
983 4234 1068 4281 eo
1108 4220 1440 4305 tempore,
1489 4211 1679 4303 quod
1710 4212 1777 4279 in
1810 4209 2165 4303 principali
2196 4210 2407 4278 verbo
2434 4222 2555 4299 est,
2606 4212 2917 4280 continet.

907 4315 1051 4385 Sed
1097 4317 1414 4405 quoniam
1458 4316 1679 4385 varius
1725 4323 1826 4383 est
1870 4336 2027 4381 usus
2063 4314 2433 4405 particulae
2474 4312 2664 4394 ὅπως
2675 4369 2704 4403 ,
2745 4337 2919 4404 quae

705 4422 823 4489 etsi
863 4420 1144 4513 proprie
1173 4420 1425 4511 ubique
1452 4418 1815 4513 quomodo
1845 4417 2198 4509 significat,
2248 4426 2475 4485 tamen
2503 4440 2642 4486 non
2671 4418 2915 4508 ubique

701 4523 795 4591 ita
833 4524 1001 4594 verti
1045 4531 1273 4617 potest
1291 4574 1312 4611 ‚
1365 4546 1448 4592 ea
1491 4521 1811 4606 afferam,
1876 4542 2051 4611 quae
2092 4519 2444 4611 potissima
2480 4529 2634 4590 sunt
2672 4522 2742 4590 in
2783 4520 2914 4589 hoc
