3259 5275
718 422 875 540 ⁴876
1290 472 1392 533 DE
1435 470 1806 533 MENsvssA
1849 468 2300 543 VTRIVSQVE
2339 491 2435 531 αν.

959 663 1118 746 ὄξος
1175 663 1267 734 ἄν
1327 656 1641 759 αἰτήσω,
1682 654 1921 758 -τόξον
1975 661 2248 758 φέρεν·
2301 657 2393 731 ἄν
2436 658 2521 731 δέ
2574 684 2654 751 γε
2716 649 2953 746 τόξον,

1169 780 1346 866 ὄξος.

748 936 1014 1007 Siccine
1076 957 1241 1003 vero
1306 937 1650 1028 scripsisse
1711 945 1989 1029 poetam
2040 937 2238 1004 istum
2306 931 2710 1002 credamus?
2811 928 2957 998 Ad-

750 1039 1033 1108 ducatur
1080 1037 1360 1107 forsitan
1408 1041 1679 1130 aliquis,
1745 1042 1798 1109 si
1868 1063 2023 1109 eum
2087 1038 2314 1107 videat
2372 1037 2592 1106 vocali
2642 1041 2962 1126 sequente

748 1141 840 1239 ἢν
877 1141 1103 1210 dicere
1154 1164 1217 1210 v.
1259 1141 1332 1215 3.

955 1293 1047 1393 ἢν
1096 1290 1283 1392 αὐτῇ
1327 1290 1594 1391 τυροῦς
1646 1292 1966 1379 daal-ozie
2009 1298 2322 1389 εἴπωμεν
2368 1294 2693 1386 ἐνέγκαι,

751 1457 821 1518 et
867 1449 1085 1543 magis
1126 1449 1365 1538 etiam,
1420 1450 1472 1517 si
1511 1452 1888 1522 consideret
1928 1452 2098 1541 hoc,
2150 1473 2214 1522 V.
2255 1447 2327 1517 7.

957 1603 1045 1694 ἢν
1131 1597 1316 1677 ὀπόν
1399 1598 1709 1702 αἰτήσω,
1794 1600 2009 1681 δοκόν
2096 1606 2439 1703 εἰς-φέρει·
2526 1601 2658 1692 ἄν,
2730 1593 2963 1692 λα’χα-

1518 1826 1526 1835 ι
1965 1813 1970 1822 ι
2004 1719 2134 1800 νόν
2172 1752 2345 1820 μοι,

1173 1845 1384 1931 εἴπω,
1438 1838 1594 1931 δός,
1647 1847 1955 1937 πεινῶν,
2010 1838 2199 1920 εὐθεῖ
2250 1846 2456 1943 φέρει
2487 1835 2847 1918 ’λοῖσανον.

751 2012 848 2082 At
873 2013 1010 2082 hoc
1040 2014 1314 2104 quidem
1341 2016 1410 2084 in
1443 2014 1729 2085 disticho
1760 2016 1980 2085 codex
2010 2016 2101 2090 ἄν
2130 2011 2315 2090 ὀπόν
2352 2010 2664 2113 αἰτήσω,
2717 2024 2794 2084 ut
2820 2015 2965 2107 ipse

752 2140 826 2185 se
867 2128 1107 2208 poeta,
1168 2119 1221 2187 si
1262 2121 1694 2212 corripuisset
1726 2118 1816 2192 ἄν
1857 2122 1926 2188 in
1971 2143 2172 2189 versu
2218 2121 2333 2210 qui
2379 2120 2708 2209 sequitur,
2779 2119 2965 2187 refu-

750 2229 926 2289 tasse
972 2220 1298 2291 videatur.
1426 2224 1659 2308 Quare
1707 2223 1874 2313 quid
1933 2223 2383 2293 dubitabimus
2401 2271 2422 2308 ,
2495 2223 2656 2313 quin
2696 2222 2964 2307 librarii,

753 2345 891 2391 non
921 2335 1170 2417 poetae
1212 2326 1338 2396 ista
1368 2328 1703 2421 scriptura
1737 2327 1868 2398 sit?
1972 2326 2401 2429 Corrigenda
2437 2349 2553 2415 ea,
2593 2326 2718 2398 nisi
2749 2325 2964 2415 failor,

751 2424 892 2501 hoc
912 2427 1163 2501 modo}

964 2582 1123 2669 ὅξος
1177 2577 1306 2657 ἐᾰν
1364 2584 1586 2673 αἰτῶ,
1669 2577 1885 2669 τόξον
1948 2586 2190 2685 φέρει·
2269 2584 2362 2661 ἄν
2430 2584 2508 2661 δὲ
2573 2576 2669 2659 τό
2724 2576 2966 2675 τόξον,

1175 2701 1353 2785 ὄξος.

755 2860 955 2929 Patet
985 2860 1204 2944 αἰτῶ,
1253 2869 1328 2928 ut
1368 2861 1437 2928 in
1479 2883 1557 2930 re
1586 2883 1764 2949 quae
1804 2859 2175 2951 quotidiani
2209 2881 2364 2929 usus
2394 2868 2532 2948 est,
2584 2867 2774 2928 recte
2819 2858 2966 2927 dici.

755 2962 1021 3033 Deinde
1053 2963 1272 3032 codex
1300 2962 1390 3035 ἄν
1419 2964 1493 3036 δὲ
1531 2958 1768 3051 τόξον.
1872 2964 2071 3032 Bono
2104 2984 2271 3060 ergo
2296 2963 2441 3030 iure
2470 2962 2776 3031 videmur
2806 2985 2971 3031 cou-

758 3066 1092 3151 tendisse,
1158 3066 1451 3159 produci
1503 3066 1593 3140 ἄν
1648 3066 1840 3157 quod
1896 3089 1981 3134 ex
2039 3061 2167 3139 ἑοὶν
2211 3066 2467 3134 factum
2523 3079 2641 3138 est.
2764 3063 2971 3151 Quod

759 3193 897 3261 quo
943 3171 1158 3238 minus
1205 3170 1352 3262 quis
1400 3192 1535 3239 uno
1590 3171 1890 3239 alterove
1946 3180 2268 3261 corrupto
2315 3192 2512 3237 versu
2569 3171 2971 3264 impugnare

760 3274 1235 3367 aggrediatur,
1314 3274 1571 3363 aliquot
1627 3276 1857 3366 placet
1920 3272 2238 3365 producti
2306 3274 2621 3365 exempla
2704 3272 2968 3341 afferre.

757 3376 869 3445 Ex
908 3376 1306 3470 fragmentis
1347 3376 1535 3469 apud
1575 3378 2001 3447 Athenaeum
2042 3376 2215 3445 haec
2256 3377 2511 3446 notavi:
2563 3401 2637 3469 p.
2667 3375 2840 3446 100.
2887 3376 2970 3444 D.

757 3477 938 3554 119.
975 3480 1060 3550 Ε.
1139 3479 1312 3553 278.
1358 3480 1441 3551 Β.
1521 3479 1694 3549 292.
1745 3479 1824 3549 C.
1898 3477 2069 3551 305.
2112 3479 2195 3548 Ε.
2282 3478 2456 3553 336.
2507 3479 2587 3549 C.
2665 3477 2837 3548 339.
2887 3481 2967 3549 A.

676 3644 683 3649 .
760 3581 935 3653 377.
982 3584 1067 3652 A.
1143 3584 1263 3655 XI.
1315 3581 1489 3651 781.
1535 3583 1616 3651 F.
1723 3581 1896 3654 782.
1949 3583 2035 3651 D.
2117 3584 2239 3673 (p.
2292 3582 2512 3651 1030.
2571 3581 2795 3651 1038.
2864 3581 2969 3651 ed.

758 3686 1120 3777 Dindorf.)
1188 3684 1361 3755 519.
1410 3689 1497 3760 A.
1603 3685 1776 3755 595.
1829 3685 1910 3755 C.
2033 3686 2244 3777 Apud
2311 3688 2684 3756 Stobaeum
2747 3696 2971 3755 autem

760 3790 883 3864 111.
917 3790 987 3861 7.
1036 3790 1120 3858 V.
1152 3788 1271 3859 ll.
1322 3790 1440 3858 lX.
1470 3788 1542 3861 9.
1592 3791 1778 3859 XIX.
1812 3788 1879 3860 2.
1945 3790 2166 3861 xxn.
2201 3789 2299 3859 19
2360 3789 2476 3861 26.
2530 3791 2745 3858 ΧΧΧ.
2777 3790 2851 3876 4,
2899 3787 2969 3863 l.

761 3893 1043 3961 XXXV.
1078 3892 1149 3965 Ἰ.
1216 3892 1432 3967 Lxu;
1463 3892 1581 3961 28.
1646 3893 1958 3965 Lxxvl.
1991 3891 2061 3963 l.
2136 3892 2380 3961 cxm.
2414 3893 2548 3979 10,
2590 3892 2660 3967 3.
2727 3892 2965 3962 CXVI.

762 3994 901 4081 35,
954 3995 1022 4065 2.
1130 3994 1374 4064 cxxl.
1419 3995 1536 4069 13.
1592 3998 1777 4075 etin
1823 3995 2226 4089 Appendice
2280 3996 2467 4090 apud
2512 3996 2996 4066 Gaisfordium.

761 4101 897 4174 vol.
944 4099 1059 4167 lv.
1109 4097 1230 4165 20.
1334 4099 1839 4197 Reponendum
1881 4100 1971 4172 ἄν
2017 4122 2148 4191 pro
2190 4093 2317 4175 εὀἷν
2368 4099 2544 4170 cvl.
2593 4099 2679 4190 8,
2733 4099 2854 4172 14.
2905 4100 2968 4168 in

761 4203 1130 4273 Menandri
1169 4224 1367 4269 versu
1406 4205 2058 4302 Θεοφορουμε’νου.·

969 4374 1356 4471 ἅνθρωπος
1385 4372 1478 4448 ἄν
1508 4370 1553 4470 ᾗ
1589 4370 1929 4477 χρηστός,
1978 4371 2305 4472 εὐγενής,
2360 4370 2666 4473 σφόδρα.
