3259 5275
850 475 1451 550 Incnssnmmvm-
1483 476 1706 537 LIBER
1750 478 2060 545 PRIMVS.
2432 485 2564 552 8⁶8

344 670 553 761 longe
610 689 652 734 a
704 667 867 737 sede
919 666 1203 736 nominis
1257 665 1361 737 sui
1425 667 1535 736 vel
1598 666 2012 760 pronominis
2064 681 2558 760 removeantur,

343 794 677 862 nusquam
758 795 895 840 non
969 779 1197 864 potest
1266 793 1350 840 ex
1417 771 1618 840 totins
1690 771 2003 841 orationis
2073 776 2557 866 compositione

342 875 669 968 pendere.
786 875 880 943 Et
939 874 1057 943 hic
1120 875 1396 965 quidem
1462 881 1651 964 οἵτε,
1720 876 1879 964 quia
1926 890 2066 967 'per
2116 877 2558 970 significatio-

343 1003 503 1048 nem
556 1001 743 1048 suam
796 1002 932 1048 non
982 987 1214 1071 potest
1263 977 1354 1047 ad
1408 976 1580 1073 σφίν
1596 1033 1624 1067 ,
1697 978 1819 1048 sed
1878 977 2087 1048 debet
2153 980 2242 1048 ad
2305 976 2557 1078 ἥρω’ων

344 1083 624 1173 referri,
677 1107 719 1151 a
774 1107 893 1162 me⁴
957 1091 1337 1151 correctum
1401 1104 1548 1150 esse
1610 1081 1683 1151 in
1734 1081 2166 1152 adnotatione
2218 1084 2309 1152 ad
2360 1087 2555 1155 istum

345 1210 618 1256 versum
678 1186 978 1258 dixeram
997 1211 1035 1255 ε.
1081 1191 1166 1258 οἵ
1218 1213 1295 1259 κε
1345 1193 1571 1253 autem
1636 1207 1765 1277 per
1814 1187 2180 1256 sententiae
2230 1189 2559 1259 rationem

342 1290 724 1361 necessario
790 1291 881 1359 ad
938 1287 1109 1384 σφίν
1171 1291 1513 1382 pertinere
1530 1341 1552 1379 ‚
1623 1313 1752 1359 nec
1813 1290 2187 1381 quidquam
2250 1292 2658 1370 obscuri-22

341 1396 500 1463 tatis
553 1395 627 1462 in
688 1418 771 1464 ea
840 1394 1335 1462 constructione
1399 1415 1585 1481 esse,
1673 1415 1811 1463 non
1873 1393 2201 1487 putabam
2265 1394 2556 1467 demon-

346 1498 669 1568 stratione
719 1497 1047 1591 indigere.
1153 1496 1337 1582 Quin
1388 1518 1473 1565 eo
1514 1497 1732 1565 minus
1781 1497 1851 1567 in
1900 1498 2017 1566 illa
2068 1502 2559 1571 constructione

344 1613 467 1671 aut
503 1602 652 1670 falsi
705 1601 1075 1693 quidquam
1119 1610 1234 1668 aut
1285 1600 1553 1669 obscuri
1604 1623 1786 1688 esse,
1855 1602 2046 1692 quod
2098 1602 2335 1672 abesse
2388 1605 2560 1700 σφὶν

343 1706 517 1775 illud
560 1706 745 1775 salva
795 1705 1118 1774 sententia
1180 1715 1454 1796 posset3
1528 1703 1834 1772 additum
1903 1728 2048 1774 esse
2112 1708 2288 1775 enim
2340 1731 2422 1777 ea
2470 1709 2560 1776 fi-

343 1834 559 1904 gura,
612 1831 747 1899 qua
778 1810 1120 1877 Homerus
1172 1808 1442 1876 dixisset
1489 1814 1574 1880 οἴ
1611 1835 1743 1901 μιν
1796 1805 1974 1907 ἅδην
2027 1802 2345 1898 ἐλόωσιν,
2377 1808 2560 1885 Ἕκ-

344 1939 541 2010 τορα
595 1912 1040 2011 Πριαμίδην.
1163 1910 1374 1997 Quod
1424 1920 1650 1979 autem
1715 1911 1867 2001 ipse
1924 1911 2275 1994 suaderet,
2338 1915 2411 1986 εἴ
2453 1942 2560 2006 γε,

344 2037 489 2085 non
549 2013 761 2084 modo
826 2040 868 2083 a
936 2036 1245 2084 sermone
1316 2015 1513 2108 epico
1579 2014 1871 2083 alienum
1947 2039 2095 2085 esse
2159 2016 2565 2102 iudicabam,

346 2119 475 2189 sed
525 2119 638 2188 hic
690 2142 779 2189 ne
819 2129 1106 2212 propter
1144 2119 1533 2187 sententiam
1588 2118 1866 2209 quidem
1906 2119 2067 2188 ferri
2116 2143 2353 2212 posse,
2408 2121 2567 2211 quia

343 2233 620 2316 tempus
669 2222 981 2311 indicari,
1047 2246 1183 2291 non
1248 2223 1537 2315 simplexx
1588 2222 1953 2314 significari
2002 2224 2297 2293 conditio
2350 2224 2564 2294 debe-

345 2336 477 2396 ret.
598 2326 810 2413 Quod
872 2327 927 2395 si
990 2326 1422 2395 conditionali
1485 2326 1819 2418 particula
1877 2327 1976 2395 uti
2026 2328 2344 2398 voluisset
2392 2329 2565 2398 scri-

344 2441 544 2526 ptor,
600 2430 938 2508 dicturum
970 2431 1347 2500 necessario
1389 2430 1596 2499 fuisse
1631 2428 1722 2529 ἢν
1767 2432 2145 2526 φορέουσιν.

559 2569 778 2640 ΧΧΧ.
848 2569 925 2639 Ρ.
964 2567 1088 2643 21.
1140 2566 1730 2663 ,,Ετ;1“ιινάιίιιε,“
1772 2567 2025 2659 inquit,
2077 2567 2300 2657 „mihi
2328 2568 2566 2663 signi-—

321 2672 652 2771 ficavit‚
720 2675 829 2745 ad
885 2673 1199 2743 eandem
1241 2695 1579 2743 normam
1628 2670 1891 2764 Antig.
1943 2672 2036 2741 in.
2098 2672 2569 2744 scribendum

351 2799 515 2847 esse
579 2773 692 2873 ἄρ’
734 2773 942 2851 οἷσθ’
973 2775 1095 2850 ὅτι
1148 2771 1331 2858 Ζεῠς
1379 2804 1440 2849 κ.
1495 2803 1560 2849 τ.
1618 2782 1679 2849 λ.
1753 2783 2077 2846 ceterum
2140 2776 2339 2847 hanc
2399 2800 2569 2848 ver-

353 2880 616 2951 borum
667 2889 1131 2973 structuram
1181 2881 1452 2950 miram
1495 2878 1634 2949 sibi
1691 2879 2040 2949 accidere
2097 2880 2571 2952 Hermanno-

357 3008 495 3080 que
569 2984 814 3054 videri
891 2983 1184 3055 duabus
1264 3009 1357 3055 ex
1428 2982 2092 3054 constructionibus
2160 2983 2571 3079 conflatam

354 3111 535 3163 esse.
640 3089 762 3159 De
801 3089 1108 3158 lectione
1156 3089 1233 3157 in
1277 3087 1712 3180 Sophocleis
1764 3088 2166 3156 assentior.-
2217 3088 2316 3158 de
2362 3097 2567 3160 stru—

359 3202 624 3263 cturae
672 3190 1063 3262 insolentia
1114 3215 1211 3262 ae
1260 3189 1820 3285 καινοπρεπείᾳ,
1869 3212 2013 3260 non
2062 3191 2256 3261 item.
2350 3188 2568 3267 02⁶8?

358 3294 483 3370 ὅτι
546 3296 622 3366 in
669 3296 1057 3389 Antigona
1106 3318 1252 3365 non
1288 3302 1474 3387 puto
1528 3293 1740 3362 aliud
1791 3314 1952 3363 esse
1998 3317 2221 3388 quam
2268 3295 2570 3365 notissi*

355 3422 561 3470 mam
638 3399 852 3470 illam
925 3397 1515 3490 creberrimoque
1589 3419 1731 3467 usu
1796 3397 2059 3468 tritam
2121 3397 2570 3493 formulam,

359 3525 585 3598 quam
640 3503 923 3573 Graeci
974 3503 1305 3596 reliquae
1369 3499 1691 3571 orationi
1739 3503 2208 3597 παρενθέτως
2257 3502 2612 3599 ὄπωπε-χ

358 3615 572 3692 runt,
636 3599 965 3677 iunctam
1029 3606 1151 3677 hie
1216 3628 1381 3676 cum
1433 3602 1827 3698 particula
1884 3599 2116 3699 α’ρα.“
2220 3604 2298 3675 Si
2362 3607 2574 3676 verba

358 3711 476 3780 illa
540 3734 675 3803 pro
739 3711 1203 3807 παρενθέτως
1262 3710 1496 3804 positis
1562 3708 2063 3800 acciperentur,
2139 3709 2401 3800 reliqua
2456 3710 2574 3780 de-

360 3816 529 3884 bere
562 3816 708 3883 sola
741 3838 872 3907 per
907 3837 981 3882 se
1009 3814 1292 3908 intelligi
1319 3836 1528 3906 posse
1569 3811 1918 3882 dicebam:
1965 3813 2154 3913 atqui
2185 3835 2326 3884 non
2352 3837 2574 3907 posse.

363 3919 482 3987 Sic
527 3919 706 3986 enim
741 3917 1160 4010 Sophocles:

469 4050 584 4152 ἆρ’
620 4050 830 4128 οἶσθ’
858 4052 980 4128 ὅτι
1007 4048 1191 4134 Ζευς
1230 4052 1378 4127 τῶν
1411 4047 1545 4126 dn·
1582 4050 1896 4127 Οἰδίπου
1945 4078 2182 4125 naxon

469 4154 729 4232 ὁποῖον
776 4157 943 4250 οὐχὶ
993 4156 1138 4253 νῷν
1191 4157 1304 4231 ἔτι
1357 4153 1620 4242 ζώσαιν
1671 4159 1912 4246 τελεῖς

572 4295 825 4368 xxxl.
914 4295 994 4367 P.
1040 4292 1163 4364 94.
1246 4295 1315 4362 in
1356 4293 1825 4363 adnotatione.
1903 4339 1949 4378 ‚,
1966 4289 2055 4360 112v
2091 4289 2473 4360 contrario
2519 4286 2578 4363 δ’

366 4406 660 4485 naum,
744 4399 1040 4494 opinor,
1126 4421 1218 4469 ex
1284 4398 1541 4469 littera
1594 4425 1635 4471 ν
1686 4396 1763 4466 in
1816 4392 2173 4487 Aeschyli
2245 4393 2456 4463 Pors.
2508 4418 2576 4469 v.

371 4499 547 4575 191.
602 4505 719 4574 ed.
776 4501 1092 4575 Brunck.
1170 4502 1292 4597 qui
1355 4503 1600 4589 locus,
1684 4510 1764 4570 ut
1817 4496 2198 4594 primaria
2256 4495 2583 4569 Atossoee
