3259 5275
1063 422 1239 486 LIB.
1283 424 1361 486 Π.
1450 423 1640 502 cAP.
1682 429 1749 495 8.
1791 432 1853 495 4.
2479 437 2568 502 8²

340 610 470 683 hoc
505 619 644 683 est·
689 611 1036 685 iacebant
1062 609 1273 684 nohis
1299 617 1683 689 mactatae
1706 641 1910 690 oves.-
1960 620 2001 691 i.
2045 645 2105 691 e.
2139 619 2566 700 dicebamus

339 717 431 787 de
468 718 830 788 mactatis
878 716 1163 790 ovibus.-
1216 742 1352 790 eas
1397 742 1563 793 oves
1588 721 1946 794 combure.
2051 725 2368 795 Similiter
2416 728 2564 799 De·

334 818 579 889 mosth.
612 819 702 889 de
728 820 1325 914 Halonesop.77‚
1361 823 1476 893 19.
1516 820 1751 923 εἰγαρ
1786 828 2023 901 ταῦτα
2049 823 2563 951 συγχωρήσετε,

332 922 411 996 τί
438 917 739 1009 κωλύει,
791 923 910 997 καὶ
942 928 1017 998 εἴ
1035 952 1206 998 τινα
1243 926 1371 1023 τῆς
1396 924 1735 1028 Ἀττικῆς
1766 930 2023 1025 λῃσται
2063 924 2296 1004 τόπον
2325 960 2563 1006 κατα-

329 1022 685 1119 λα’βοιεν,
739 1025 788 1123 ἢ
808 1021 1195 1151 Λήμνου,
1250 1028 1299 1126 ἢ
1331 1027 1688 1153 Ἴμβρου,
1744 1032 1792 1130 ἢ
1837 1028 2162 1156 Σκύρου,
2216 1034 2338 1107 καί
2372 1064 2566 1119 τινες

327 1124 638 1210 τούτους
687 1156 859 1211 τους
903 1125 1169 1227 λῃστάς
1226 1126 1654 1226 ἐκκόψαιεν,
1721 1129 1939 1218 εὐθυς
1985 1165 2106 1210 και
2149 1132 2314 1217 τόν
2329 1132 2561 1213 τόπον

326 1231 641 1320 τοῦτον,
695 1228 790 1305 οὗ
831 1228 1017 1330 ἦσαν
1066 1240 1141 1307 οἱ
1183 1233 1485 1357 λῃσταί,
1538 1264 1673 1311 τον
1713 1235 1899 1312 ὄντα
1944 1238 2344 1338 ημέτερον,
2413 1269 2559 1315 των

326 1336 948 1434 τιμωρησαμένων
975 1363 1149 1419 τους
1175 1331 1438 1435 ληστοῖς
1471 1338 1898 1434 γίγνεσθαι·
1869 1396 1895 1435 ,

1384 1643 1504 1714 1v.
1620 1585 1624 1592 ”

461 1814 597 1885 De
650 1813 1234 1886 coniunctim·
1284 1837 1451 1885 usu
1503 1812 2149 1888 deliberativo
2193 1818 2437 1912 apud

1139 1934 1736 2007 recentiores.

522 2106 1004 2175 Recentiorem
1052 2127 1250 2175 usum
1306 2130 1516 2198 quum
1566 2106 1755 2194 dico,
1823 2129 1983 2175 eum
2030 2107 2311 2200 intelligi
2369 2108 2552 2198 volo,

318 2209 436 2299 qui
467 2231 681 2299 quum
713 2233 842 2302 per
870 2232 1117 2302 prosae
1149 2210 1464 2279 orationis
1500 2210 1863 2302 scriptores
1892 2211 2126 2304 lingua
2161 2210 2432 2280 Graeca
2461 2209 2555 2280 ad

318 2314 680 2381 certiorem
730 2312 997 2381 dicendi
1042 2313 1373 2382 rationem
1419 2322 1735 2382 revocata
1786 2324 1964 2382 esset
1978 2364 2000 2401 ‚
2053 2314 2357 2383 obtinere
2396 2336 2552 2383 coe-

314 2415 436 2508 pit.
541 2415 610 2484 Is
640 2438 847 2505 quum
879 2416 1027 2485 fere
1059 2416 1260 2484 etiam
1293 2417 1536 2511 poesin
1577 2437 1886 2504 omnem,
1936 2426 2212 2508 praeter
2262 2418 2551 2509 epicam,
2683 2477 2686 2478 γ

314 2518 663 2587 invasisset
680 2573 700 2610 ,
755 2520 1225 2611 complectitur
1270 2522 1630 2613 scriptores
1678 2514 1911 2589 omnes
1929 2573 1950 2606 ‚
2003 2522 2120 2614 qui
2160 2515 2552 2612 incorrupta

312 2621 549 2715 lingua
596 2620 864 2692 Graeca
909 2624 1353 2716 scripserunt,
1429 2623 1730 2716 exceptis
1775 2624 2006 2717 epicis,
2109 2625 2289 2693 Nam
2338 2647 2549 2715 quum

314 2748 399 2794 eo
454 2735 775 2817 tempore
795 2778 816 2814 ,
882 2750 1021 2818 quo
1068 2728 1411 2796 Homerus
1465 2737 1674 2818 atque
1729 2726 2071 2797 Hesiodus
2126 2738 2195 2796 et
2236 2750 2407 2818 quos
2453 2728 2548 2796 illi

316 2837 632 2898 auctores
672 2828 1056 2898 habuerunt
1071 2881 1093 2918 ‚
1161 2832 1457 2900 carmina
1505 2855 1625 2899 sua
1673 2830 2042 2899 condidere
2058 2880 2081 2922 ‚
2136 2854 2221 2899 ex
2262 2830 2549 2899 coniun—

314 2933 491 3001 ctivo
522 2933 873 3024 paullatim
903 2933 1203 3002 futurum
1236 2944 1662 3003 enasceretur
1677 2988 1697 3024 ,
1748 2934 1897 3003 fieri
1924 2957 2059 3002 non
2093 2934 2333 3026 potuit,
2385 2935 2549 3025 quin

313 3037 513 3130 epica
557 3039 771 3106 oratio
820 3037 1091 3107 liberius
1140 3038 1368 3107 adhuc
1402 3037 1824 3106 coniunctim
1851 3044 2153 3106 uteretur
2169 3086 2190 3122 ‚
2245 3037 2367 3106 etsi
2410 3036 2547 3105 iam

312 3139 600 3209 Homeri
660 3150 731 3209 et
788 3139 1079 3210 Hesiodi
1122 3164 1291 3209 aevo
1336 3142 1492 3209 satis
1537 3150 1851 3210 accurate
1890 3139 2019 3209 hos
2060 3141 2254 3210 verbi
2300 3139 2543 3209 modos

312 3242 751 3336 distinguens.
847 3244 959 3314 De
993 3268 1076 3313 ea
1108 3243 1524 3313 distinctione
1557 3266 1766 3336 supra
1808 3243 2082 3311 dictum.
2183 3243 2546 3312 Recentio-

308 3370 416 3416 res
459 3369 632 3416 vero
670 3346 1071 3417 coniunctivi
1111 3369 1310 3416 usum
1334 3348 1552 3442 magis
1594 3348 1797 3416 etiam
1835 3354 2397 3440 coangustatum,
2449 3346 2545 3414 ita

308 3460 383 3519 ut
417 3450 485 3517 ei
523 3458 712 3519 extra
755 3452 1114 3520 sententias
1151 3452 1384 3521 finales
1413 3461 1482 3520 et
1514 3450 1996 3520 conditionales
2026 3450 2242 3519 solam
2276 3449 2541 3519 delibe-

306 3552 507 3622 randi
556 3561 627 3622 et
669 3553 1076 3624 adhortandi
1112 3554 1248 3623 vim
1289 3555 1744 3645 relinquerent
1757 3605 1778 3641 ,
1828 3555 1899 3622 in
1934 3554 2269 3623 sententiis
2300 3552 2540 3622 condi-

305 3656 666 3726 tionalibus
697 3667 926 3727 autem
951 3659 1166 3728 solam
1201 3658 1633 3728 admitterent
1671 3658 1879 3726 futuri
1918 3659 2169 3739 exacti,
2221 3657 2361 3727 sive
2388 3680 2538 3726 ma-

305 3762 404 3831 vis
437 3761 541 3829 rei
572 3763 986 3853 experientia
1016 3761 1569 3855 comprobandae
1596 3761 2170 3855 significationem.

510 3864 608 3932 Et
635 3864 1108 3936 deliberativas
1134 3866 1413 3957 quidem
1441 3864 1843 3935 coniunctivi
1873 3888 2033 3935 usus
2058 3864 2128 3933 in
2156 3865 2538 3957 interroga-

306 3965 602 4038 fiom'bus
628 3970 917 4039 maxime
955 3971 1283 4039 cernitur:
1337 3967 1475 4041 Od.
1505 3996 1561 4043 ε.
1592 3966 1766 4039 299.

394 4118 471 4194 ’ω’
495 4149 637 4215 μοι
675 4116 813 4216 ἐγώ
842 4115 1117 4211 δειλός,
1175 4120 1254 4196 τί
1284 4111 1374 4197 νύ
1401 4151 1539 4218 μοι
1563 4113 2258 4221 μήκιστα.γένηται,·

313 4282 379 4341 et
402 4270 577 4346 465.

408 4425 469 4501 ὥ
492 4424 630 4522 μοὶ
665 4421 829 4521 ἐγώ,
882 4424 961 4501 τί
993 4421 1211 4503 πάθω
1228 4456 1255 4521 ,·
1304 4426 1386 4503 τί
1408 4421 1498 4503 αὖ
1528 4454 1665 4523 μοι
1694 4419 2017 4523 μήκιστα
2039 4424 2344 4523 γένηται
2352 4452 2380 4518 ,·
