3259 5275
770 472 908 535 146
1450 465 1566 526 DE
1642 460 2189 525 PARTICVLA
2232 457 2324 526 ἃν

983 655 1391 748 Saepissime
1434 675 1567 746 pro
1621 662 1851 723 rectae
1904 652 2217 722 orationis
2270 651 2693 722 coniunctim
2732 653 3003 744 ponitur

786 759 1118 853 optativus
1138 806 1160 840 ,
1206 758 1261 827 si
1286 758 1572 826 verbum
1610 758 1985 851 principale
2018 780 2175 826 eum
2209 756 2489 825 modum
2519 756 2751 828 habet.
2856 756 3006 824 Nee

781 865 1044 933 mirum.
1147 864 1326 931 Nam
1376 861 1493 930 ubi
1537 882 1797 931 summa
1848 861 2215 930 sententiae
2273 869 2347 929 ut
2397 860 2542 929 sola
2599 860 3010 952 cogitatione

782 965 1275 1058 comprehensa
1306 965 1695 1034 enunciatur
1709 1015 1731 1050 ‚
1784 964 2027 1034 eadem
2060 965 2235 1035 solet
2279 963 2482 1033 etiam
2525 964 2818 1056 partium
2868 963 3010 1032 eius

784 1069 1076 1138 conditio
1105 1090 1269 1138 esse.
1325 1064 1580 1160 odyss.
1617 1097 1684 1160 y.
1720 1066 1894 1142 346.

886 1200 1066 1287 Ζεύς
1093 1199 1255 1298 τόγ’
1281 1196 1647 1300 α’λεξῆσειε
1676 1204 1793 1277 καί
1823 1198 2200 1280 ἀθάνατοι
2230 1201 2396 1278 θεοὶ
2429 1201 2636 1278 ἄλλοι
2660 1253 2680 1284 ,

888 1307 980 1391 ὥς
1014 1306 1214 1402 ὑμεῖς
1239 1305 1425 1403 παρ’
1459 1313 1663 1399 ἐμεῖο
1700 1301 1888 1406 θοήν
1931 1308 2047 1382 ἐπὶ
2088 1307 2222 1404 νῆα
2252 1304 2502 1379 κίοιτε.

697 1494 700 1497 ’
780 1464 891 1533 De
934 1486 1017 1531 ea
1046 1462 1305 1531 ratione
1337 1461 1473 1529 dixi
1519 1460 1610 1529 ad
1645 1460 1975 1556 Sophocl.
2021 1462 2129 1531 Αἰ.
2162 1460 2337 1532 904.
2366 1459 2591 1529 1200.
2692 1459 2809 1529 Sie
2856 1461 3015 1531 Ho-

782 1590 1004 1636 merus
1034 1564 1226 1635 Iliad.
1261 1593 1316 1639 ε.
1353 1563 1525 1636 212.

890 1733 950 1776 ει
943 1704 1070 1776 ''ds
1092 1730 1170 1775 κε
1204 1694 1531 1822 νοστήσω
1561 1697 1679 1773 καί
1713 1696 2071 1794 ἐςόψομαι
2109 1696 2615 1796 ὀφθαλμοῖσιν

887 1800 1202 1933 πατρίδ’
1219 1798 1402 1900 ἐμην
1440 1797 1709 1892 ἄλοχόν
1737 1831 1820 1876 τε
1852 1802 1973 1876 και
2000 1801 2364 1926 ὑψερεφὲς
2383 1802 2569 1895 μέγα
2610 1800 2845 1895 δωμα,

889 1904 1103 1980 αύτίκ
1160 1908 1360 1981 ἔπειτ
1426 1901 1560 1979 ἄπ’
1595 1908 1796 1998 ἐμεῖο
1825 1932 2008 2002 καρῃ
2050 1934 2280 1998 ταμοι
2315 1897 2696 1997 α’λλότριος
2729 1896 2912 2001 φώς,

888 2012 959 2084 εἰ
982 2003 1091 2107 μή
1119 2014 1251 2103 ἐγω
1236 2001 1455 2084 τάδε
1488 2001 1666 2093 τόξα
1703 2011 1983 2104 φαεινῷ
2016 2013 2092 2083 ἐν
2120 2007 2296 2102 πυρί
2326 2007 2558 2104 θείην.

784 2165 1161 2255 Exspeetes
1191 2160 1308 2230 hie
1343 2162 1569 2249 θείω,
1625 2161 1786 2250 quia
1820 2170 2177 2232 asseverat.
2283 2161 2377 2230 Et
2418 2170 2737 2253 potuerat
2774 2163 2871 2229 ita
2912 2161 3016 2229 di-

787 2290 962 2339 cere.
1068 2267 1246 2333 Nam
1278 2265 1543 2333 duobus
1579 2263 1796 2332 modis
1835 2263 1973 2332 hoe
2006 2264 2298 2357 proferri
2325 2266 2608 2347 licebat,
2660 2274 2777 2332 aut
2824 2274 3017 2334 reeta

786 2372 1122 2451 oratione,
1178 2377 1252 2434 ut
1282 2369 1638 2436 votum'ex
1667 2366 2051 2436 conditione
2082 2367 2455 2460 penderet,
2510 2370 2570 2439 εἰ
2604 2360 2715 2466 μή
2736 2368 2814 2441 ἐν
2841 2365 3018 2466 πυρὶ

789 2472 997 2558 θείω,
1052 2470 1118 2541 εἰ
1143 2493 1288 2539 non
1326 2491 1775 2559 cremavere,
1818 2493 2127 2564 peream
2142 2498 2170 2554 ,-
2219 2481 2335 2540 aut
2368 2472 2646 2562 obliqua
2665 2521 2688 2559 ,
2739 2480 2816 2538 ut
2844 2495 3015 2540 eon-

788 2575 954 2644 ditio
988 2597 1073 2643 ex
1120 2582 1283 2643 voto
1327 2583 1673 2665 tamquam
1718 2596 1878 2667 pars
1917 2575 2059 2650 eius
2100 2574 2473 2669 penderet:
2514 2596 2829 2669 peream
2876 2573 3016 2644 uisi

790 2677 1304 2765 cremaverim,
1357 2680 1401 2747 i.
1436 2702 1498 2751 e.
1536 2676 1796 2772 sisare
1809 2688 2068 2773 putem
2091 2689 2173 2749 ut
2204 2702 2349 2749 mm
2377 2677 2825 2749 comburam.
2900 2679 3015 2749 Sie

787 2781 1270 2875 Aristophanes
1301 2782 1372 2849 in
1400 2783 1578 2851 Pace
1612 2780 1836 2853 1⁰72.

891 2912 1138 3017 ἐξώλης
1166 2912 1464 2993 ἀπόλοι’
1480 2973 1508 3008 ,
1564 2920 1637 2991 εἰ
1656 2913 1766 3016 μή
1794 2912 2111 3030 ζιαύσαιο
2137 2915 2465 3013 βακίζων.

787 3078 831 3147 i.
865 3100 924 3145 e.
962 3075 1381 3168 dispeream,
1435 3073 1501 3143 εἰ
1530 3082 1602 3142 te
1634 3095 1779 3142 non
1808 3071 2248 3143 destiturum
2262 3082 2536 3165 putem.
2626 3072 2803 3142 Vide
2832 3096 3014 3143 eum-

790 3179 947 3248 dem
1001 3178 1135 3268 Eq.
1174 3174 1348 3245 694.
1454 3175 1713 3246 Contra
1746 3176 1816 3244 in
1858 3176 2184 3245 sententia
2225 3176 2408 3244 finali
2454 3197 2592 3244 ιιοιι
2635 3175 2821 3245 licuit
2858 3200 3014 3246 eon·

789 3283 1149 3353 iunetivum
1177 3302 1435 3372 ponere
1465 3279 1801 3372 Sophocli
1830 3279 2004 3348 Phil.
2038 3277 2213 3349 524.

893 3429 1144 3527 θυμον
1171 3436 1459 3526 γένοιτο
1494 3460 1682 3529 χειρι
1712 3430 2086 3556 πληρῶσαί
2108 3458 2333 3552 ποτε,ι

809 3599 819 3610 .
896 3532 997 3610 ἵν’
1025 3565 1103 3609 αι
1131 3536 1478 3632 Μυκῆναι
1503 3542 1766 3628 γνοῖεν,
1820 3564 1861 3632 η
1897 3528 2208 3659 Σπάρτη
2244 3528 2370 3618 θ’,
2420 3530 2542 3606 ὅτι

896 3635 986 3735 χὴ
1016 3638 1299 3734 Σκῦρος
1330 3633 1612 3734 α’νδρων
1647 3634 1965 3732 α’λκίμων
1995 3632 2241 3736 μήτηρ
2277 3636 2435 3734 ἔφυ.

794 3795 970 3864 Nam
1000 3793 1055 3861 si
1084 3801 1259 3860 esset
1291 3792 1712 3862 coniunctivo
1744 3814 1937 3878 usuS‚
1988 3792 2081 3861 sie
2125 3791 2548 3883 loqueretur,
2593 3799 2671 3858 ut
2718 3790 2836 3881 qui
2880 3789 3013 3857 voti

793 3920 867 3965 se
901 3904 1290 3986 compotem
1323 3896 1623 3964 futurum
1654 3920 1791 3964 ιιοιι
1817 3895 2174 3965 dubitaret.
2241 3894 2510 3965 Eadem
2539 3894 2712 3962 ratio
2748 3903 2857 3964 est
2882 3893 3010 3962 ho-

794 4023 945 4068 rum
970 4020 1315 4080 versuum,
1370 3997 1508 4070 Od.
1538 4009 1592 4082 ξ.
1635 3997 1811 4067 402.

899 4131 1071 4217 ξεῖν
1091 4189 1118 4223 ,
1164 4131 1359 4207 οὕτω
1387 4127 1525 4258 γοῖρ
1554 4137 1675 4208 κέν
1701 4159 1837 4225 μοι
1870 4133 2145 4263 ἐὺκλείη
2175 4162 2223 4208 τ
2284 4125 2521 4260 α’ρετή
2551 4159 2635 4208 τε

902 4239 1010 4327 εἴη
1039 4240 1126 4312 ἐπ
1138 4230 1614 4334 ’ἀνθρώπους
1643 4264 1803 4330 αμα
1843 4265 1888 4310 τ
1955 4232 2220 4311 αὐτίκα
2251 4264 2370 4309 και
2357 4236 2833 4329 μετέπειτα,
2941 4311 2957 4324 ,

901 4337 978 4421 ὅς
1010 4367 1053 4413 σ
1114 4337 1266 4414 ἐπεὶ
1291 4344 1359 4422 ἐς
1384 4339 1654 4438 κλισίην
1683 4338 1958 4434 ἄγαγον
1988 4369 2108 4414 και
2144 4337 2370 4424 ξείνια
2398 4338 2593 4412 δοΐκα
2613 4387 2636 4428 ,

904 4438 1110 4526 αὖτις
1140 4442 1216 4517 δέ
1250 4442 1656 4536 κτείναιμι,
1709 4441 1924 4541 φίλον
1948 4438 2023 4516 δ’
2062 4440 2209 4517 ἄπο
2239 4435 2490 4536 θυμον
2521 4440 2838 4542 ἑλοίμην.
2893 4444 2910 4514 T
3028 4500 3057 4523 ,.
