3259 5275
683 513 831 576 m·
939 507 1056 568 DE
1103 506 1583 567 AESCHYLI
1625 504 2214 568 PRoMETHno
2264 506 2643 568 SOLVTO

687 723 845 768 men
886 700 1116 769 nescio
1162 721 1249 767 an
1291 697 1496 786 illud,
1549 720 1642 765 ne
1689 696 1911 765 dicam
1951 720 2194 789 parum
2228 707 2425 789 apte,
2479 707 2664 766 certe
2710 697 2906 766 valde

586 807 684 876 11
705 802 1029 873 audacter
1072 801 1223 870 fieri
1265 800 1649 893 putandum
1686 802 1790 887 sit,
1841 800 1898 868 si
1940 811 2359 892 spectatores
2375 853 2397 890 ‚
2450 823 2656 891 quem
2698 802 2909 869 modo

689 907 780 976 ad
827 908 1225 975 immensum
1284 905 1432 973 aevi
1478 906 1774 997 spatium
1831 906 2112 997 rupibus
2164 904 2358 996 affigi
2419 917 2907 997 cog-noverunt,

687 1032 846 1079 eum
879 1009 1109 1102 paullo
1162 1017 1318 1101 post
1352 1009 1620 1077 liberari
1660 1009 1867 1099 longo
1902 1009 2019 1076 illo
2050 1010 2347 1077 cruciatu
2371 1007 2661 1077 videant.
2718 1007 2905 1077 Mul-

684 1126 831 1182 tum
867 1114 1043 1182 enim
1083 1113 1396 1197 interest,
1448 1122 1674 1180 utrum
1702 1134 1875 1202 quae
1904 1112 2162 1180 incerto
2195 1113 2565 1204 ignotoque
2594 1121 2913 1203 tempore

689 1217 1016 1286 disiuncta
1056 1216 1364 1297 fuerunt,
1416 1239 1502 1284 an
1533 1238 1709 1306 quae
1754 1215 1975 1283 multis
2011 1216 2248 1284 seculis
2280 1213 2736 1283 disterminata
2764 1238 2913 1284 esse

688 1330 756 1390 et
808 1321 1094 1388 sciamus
1139 1330 1207 1389 et
1259 1321 1503 1387 iterum
1559 1321 1939 1408 iterumque
1989 1319 2467 1404 audiverimus,
2553 1320 2914 1386 coniuncta

686 1426 755 1492 in
793 1445 1068 1494 scenam
1110 1423 1561 1515 proferantur.
1666 1422 1760 1490 Et
1795 1423 1863 1489 in
1910 1422 2153 1491 Vincto
2188 1421 2463 1512 quidem
2493 1422 2913 1490 Prometheo

687 1527 978 1619 spatium
1014 1526 1220 1612 illud,
1272 1549 1496 1616 neque
1540 1525 1612 1594 id
1653 1548 1789 1593 uno
1834 1526 1989 1594 loco
2014 1576 2035 1613 ‚
2089 1525 2517 1618 designatum
2558 1539 2662 1593 est
2703 1526 2912 1594 lucu-

686 1631 1069 1703 lentissime.
1172 1629 1603 1722 Intelligebat
1664 1630 1841 1698 enim
1896 1639 2137 1721 poeta,
2206 1630 2533 1720 temporis
2579 1628 2914 1698 diuturni-

684 1744 917 1819 tatem,
969 1735 1039 1802 in
1061 1755 1194 1823 qua
1220 1734 1596 1826 praecipue
1617 1743 2004 1800 cerneretur
2032 1732 2420 1804 Promethei
2446 1754 2718 1824 poenae
2751 1756 2912 1800 cru-

688 1837 967 1922 delitas,
1019 1837 1270 1904 nullam
1303 1836 1438 1905 vim
1481 1835 1569 1903 ad
1605 1836 1859 1903 animos
1895 1836 2264 1904 movendos
2307 1836 2690 1904 habituram
2714 1890 2734 1925 ‚
2788 1837 2913 1903 nisi

690 1949 941 2031 quanta
981 1952 1159 2008 esset
1203 1940 1373 2009 notis
1419 1938 1825 2029 quibusdam
1868 1950 1937 2008 et
1981 1941 2173 2029 quasi
2204 1941 2272 2007 in
2302 1962 2570 2008 sensum
2606 1939 2914 2008 cadenti·

687 2045 814 2112 bus
859 2044 1090 2135 spatiis
1144 2043 1551 2113 definiretur.
1658 2043 1898 2132 ltaque
1938 2065 2147 2133 quum
2186 2043 2636 2112 Prometheus
2683 2044 2912 2135 primo

689 2148 1119 2216 liberatorem
1162 2170 1355 2215 suum
1386 2147 1580 2215 tertia
1614 2146 1882 2214 decima
1910 2147 2347 2239 generatione
2385 2170 2470 2215 ex
2496 2147 2676 2214 lonis
2714 2147 2914 2239 prole

690 2252 1082 2320 exstiturum
1122 2249 1428 2336 dixisset,
1479 2259 1641 2342 post
1681 2252 1813 2319 alio
1862 2251 2026 2319 loco
2051 2250 2421 2318 distinctius
2462 2250 2550 2317 ab
2584 2249 2912 2343 Epapho,

691 2376 892 2445 quem
929 2354 1228 2446 paritura
1267 2355 1349 2422 sit
1377 2353 1454 2421 Io
1471 2404 1492 2440 ‚
1532 2354 1836 2445 quintam
1863 2355 2372 2447 generationem
2417 2353 2645 2446 Argos
2675 2377 2912 2421 rever-

689 2481 915 2526 suram
950 2458 1379 2541 vaticinatur,
1433 2479 1519 2526 ex
1555 2479 1774 2548 eaque
1804 2457 2212 2526 nasciturum
2253 2457 2517 2549 regium
2553 2457 2744 2548 apud
2777 2458 2914 2526 Ar-

687 2561 883 2656 givos
930 2583 1184 2653 genus,
1239 2583 1376 2653 quo
1419 2560 1507 2629 de
1551 2561 1807 2631 semine
1853 2562 2176 2630 oriturum
2210 2560 2401 2627 illum
2436 2560 2768 2628 audacem
2811 2560 2913 2627 ia-

686 2665 1099 2749 culatorem‚
1149 2686 1189 2731 a
1224 2687 1362 2753 quo
1398 2665 1586 2733 hisce
1633 2688 1718 2734 ex
1758 2665 2037 2733 vinculis
2077 2687 2152 2732 se
2194 2665 2488 2733 solutum
2528 2665 2609 2733 iri
2645 2665 2711 2732 in
2755 2664 2913 2733 fatis

692 2769 794 2838 sit.
903 2768 1003 2834 Ita
1031 2769 1316 2836 termino
1359 2790 1628 2860 poenae
1663 2777 1823 2860 post
1865 2769 2105 2837 multas
2137 2766 2487 2836 hominum
2519 2769 2914 2861 generatio-

691 2894 810 2941 nes
835 2871 1039 2939 veluti
1074 2894 1200 2964 per
1241 2872 1561 2940 nebulam
1593 2881 1865 2940 ostenso
1905 2880 2045 2939 tam
2078 2871 2213 2939 alte
2247 2871 2648 2963 imprimitur
2680 2873 2914 2940 animis

694 2975 1110 3042 cruciatuum
1155 2975 1422 3044 illorum
1463 2975 1854 3067 longissima
1901 2974 2294 3043 diuturnitas
2314 3024 2335 3062 ,
2386 2983 2461 3043 ut
2493 2998 2673 3067 pene
2705 2998 2916 3069 aegre

694 3078 890 3147 laturi
933 3076 1286 3147 videamur
1311 3129 1331 3166 ‚
1383 3079 1439 3148 si
1488 3079 1712 3148 subito
1758 3088 1861 3147 tot
1899 3079 2136 3147 seculis
2182 3078 2374 3167 quasi
2409 3079 2580 3147 saltu
2613 3079 2915 3169 quodam

688 3181 1025 3274 ¹superatis
1061 3180 1152 3249 ad
1178 3182 1403 3274 ipsum
1433 3182 1704 3252 illorum
1728 3181 2060 3250 malorum
2086 3182 2296 3250 finem
2324 3181 2768 3251 adducamur.

899 3283 1025 3352 Est
1064 3284 1358 3376 denique
1410 3288 1609 3355 etiam
1658 3286 1747 3355 de
1789 3286 1945 3354 loco
1993 3284 2327 3375 quaedam
2379 3285 2733 3354 dubitatio.
2838 3287 2916 3355 In

695 3386 993 3458 secunda
1024 3389 1200 3456 enim
1244 3388 1477 3457 fabula
1509 3389 1601 3457 ad
1634 3389 2014 3459 Caucasum
2049 3389 2401 3481 alligatum
2433 3390 2604 3483 fingi
2625 3391 2917 3459 Prome-

693 3490 931 3559 theum
969 3493 1164 3559 certis
1217 3494 1605 3562 testimoniis
1662 3502 1960 3563 constat:
2013 3493 2081 3561 in
2122 3494 2482 3584 superstite
2520 3502 2750 3562 autem
2779 3516 2918 3563 non

697 3594 917 3664 solum
944 3616 1268 3685 nusquam
1302 3597 1554 3666 indicat
1586 3605 1797 3689 poeta
1825 3597 1893 3663 in
1924 3595 2234 3665 Caucaso
2263 3597 2490 3664 locum
2519 3596 2706 3664 illum
2745 3621 2915 3682 esse,

639 3729 647 3737 ·
696 3695 820 3769 sed
844 3696 1094 3766 diserte
1119 3700 1320 3767 etiam
1348 3700 1592 3793 procul
1619 3722 1767 3768 esse
1798 3698 2153 3768 Caucaso
2135 3722 2200 3767 m
2235 3699 2522 3791 Scythia
2548 3699 2918 3793 Europaea

698 3821 907 3890 quum
937 3801 1003 3869 in
1034 3802 1368 3895 principio
1406 3804 1681 3872 fabulae
1714 3812 1782 3870 et
1802 3826 1863 3871 v.
1895 3802 2070 3877 301.
2100 3803 2472 3896 significat,
2519 3814 2663 3871 tum
2697 3827 2916 3896 aper-

695 3903 827 3972 tius
860 3904 1061 3972 etiam
1089 3906 1322 3996 prodit
1348 3929 1410 3975 v.
1445 3905 1619 3976 422.
1666 3906 1782 3975 ubi
1822 3906 2201 3976 Caucasum
2256 3907 2326 3974 in
2382 3908 2917 3977 circumiacenti-

695 4006 867 4096 bus,
920 4007 1044 4076 sed
1092 4009 1504 4100 aliquantum
1544 4020 1773 4080 tamen
1804 4011 2078 4079 remotis
2121 4010 2511 4102 regionibus
2545 4021 2917 4095 memorat;

699 4109 1118 4201 apertissime
1156 4122 1381 4181 autem
1417 4136 1478 4182 v.
1515 4114 1564 4183 ἵ
1572 4113 1690 4183 18.
1721 4137 1859 4205 quo
1888 4115 2044 4183 loco
2072 4114 2152 4184 Io
2183 4113 2411 4205 rapidi
2436 4114 2731 4184 fluminis
2759 4138 2916 4184 cur-

698 4235 847 4283 sum
877 4216 1198 4308 persequi
1229 4216 1533 4307 iubetur,

1028 4365 1200 4467 πρὶν
1236 4367 1330 4444 ἄν
1364 4362 1544 4467 πρός
1572 4363 1806 4443 αῠτόν
1836 4361 2239 4444 Καύκασον
2271 4362 2485 4466 μόλῃ.

700 4516 899 4602 Quae
926 4522 1139 4591 verba
1163 4524 1299 4594 iam
1322 4524 1826 4629 inter-antiquos
1851 4525 2251 4616 interpretes
2277 4521 2709 4593 adverterunt
2740 4544 2912 4603 eum,
