3259 5275
702 498 793 561 ffl
1435 489 1551 553 DE
1592 487 2149 595 PARTichA
2191 484 2281 553 ἃν

710 681 923 775 Apud
951 679 1211 750 Atticos
1243 677 1419 749 haee
1446 679 1986 773 frequentissima
2014 689 2168 751 sunt
2182 730 2203 768 ‚
2255 688 2331 748 ιιι
2355 676 2434 752 τί
2460 679 2611 777 ‹1203'3
2659 680 2949 774 Euripi-
2996 642 3000 646 Δ

713 785 837 855 des
871 784 1045 854 Hec.
1080 778 1306 852 1057.

816 937 929 1035 πᾷ
951 937 1100 1032 βῶς
1149 937 1259 1035 πᾷ
1285 936 1479 1030 στῶς
1530 936 1639 1036 πᾷ
1673 937 1935 1030 κέλσως

713 1090 1062 1185 Aristoph.
1092 1091 1272 1163 Rau.
1302 1089 1374 1163 l.

820 1246 998 1319 εἴπω
1034 1272 1113 1320 τι
1144 1243 1294 1320 τῶν
1324 1237 1744 1338 εἰωθότωνς

714 1400 915 1468 Patet
951 1398 1338 1467 huiusmodi
1384 1399 1759 1468 orationem
1799 1398 2166 1491 elliptieam
2195 1420 2342 1467 esse
2356 1449 2377 1484 ‚
2428 1407 2503 1467 ιιι
2541 1397 2954 1491 intelligatur

716 1502 965 1573 nescio
995 1511 1110 1570 ant
1152 1496 1399 1572 nescio
1432 1526 1570 1587 an,
1621 1504 1734 1571 vel
1764 1503 1977 1571 simile
2012 1502 2197 1592 quid.
2304 1502 2537 1587 Quare
2568 1503 2620 1570 si
2647 1502 2787 1570 hoc
2823 1525 2953 1595 ge-
3010 1510 3013 1511 ’

717 1629 842 1675 nus
881 1607 951 1673 in
1009 1606 1286 1697 obliqua
1338 1606 1873 1698 interrogatione
1913 1615 2315 1698 usurpatur,
2378 1605 2543 1673 nihil
2590 1605 2821 1672 differt
2865 1606 2951 1673 ab

717 1719 905 1778 recta
942 1709 1468 1802 interrogatione
1486 1757 1508 1792 ‚
1527 1786 1539 1801 ι
1558 1718 1637 1777 ιιι
1672 1732 1875 1800 quam
1905 1733 1981 1778 re
2014 1730 2177 1777 vera
2204 1711 2426 1801 ipsam
2468 1731 2742 1799 quoque
2774 1709 2953 1777 obli-

719 1835 926 1903 quam
965 1822 1207 1902 putare
1238 1820 1572 1903 oporteat.
1678 1811 2076 1881 Deliberare
2114 1822 2339 1881 autem
2365 1812 2533 1902 quid
2567 1811 2956 1881 faciendum

719 1916 842 1998 sit,
894 1925 966 1983 et
1001 1915 1071 1983 in
1107 1916 1347 1984 nostris
1379 1915 1584 1984 rebus
1611 1924 1699 1994 ,et
1735 1914 1806 1983 in
1842 1916 2069 1985 alienis
2105 1938 2484 2007 possumus.
2588 1915 2788 1983 Vnde
2835 1916 2953 1983 hie

722 2018 1179 2087 coniunctivus
1216 2018 1514 2086 omnium
1539 2041 1987 2110 personarum
2015 2027 2135 2088 est.
2241 2018 2335 2088 Vt
2366 2018 2555 2112 quod
2582 2019 2771 2112 apud
2805 2020 2954 2088 Eu·-

718 2122 1011 2216 ripidem
1042 2131 1146 2191 est
1171 2122 1241 2191 in
1274 2119 1522 2192 Oreste
1558 2121 1733 2191 779.

824 2268 1013 2350 ἄλλα
1039 2271 1207 2373 δῆτ’
1236 2276 1428 2350 ἔλθω
1441 2304 1472 2369 ,·

722 2430 778 2499 si
805 2428 894 2498 de
926 2429 1060 2497 alio
1075 2480 1096 2515 ‚
1147 2431 1264 2518 qni
1303 2430 1667 2501 mittendus
1710 2439 1917 2519 esset,
1968 2430 2361 2521 loqueretur
2400 2428 2678 2500 Orestes
2694 2485 2714 2522 ,
2766 2440 2955 2501 recte

723 2532 1000 2623 diceret,
1030 2528 1218 2606 dud
1254 2529 1423 2631 δῆτ’
1444 2537 1658 2631 ἔλθῃς
1709 2535 1867 2603 Νοιι
1885 2535 2103 2603 minus
2133 2545 2342 2621 recte,
2372 2535 2430 2603 si
2445 2534 2765 2626 Pylades,
2801 2537 2954 2624 qui-

723 2658 879 2704 cum
909 2635 1243 2728 loquitur,
1299 2647 1476 2707 esset
1524 2639 1885 2708 mittendus
1901 2687 1923 2726 ‚
1987 2637 2149 2706 hnic
2197 2638 2490 2724 diceret,
2553 2631 2738 2713 (ἑλλοὶ
2787 2633 2955 2733 δῆτ

722 2740 977 2861 ἔλθῃςς
1025 2740 1517 2810 Demosthenes
1552 2741 1643 2811 de
1680 2765 1818 2811 cor.
1841 2767 1914 2835 p.
1944 2740 2119 2829 268,
2151 2740 2270 2810 27.
2301 2740 2435 2839 ἤδη
2471 2736 2543 2813 δ
2576 2740 2692 2814 ἐπὶ
2713 2742 2958 2816 ταῦτα

720 2834 1219 2939 πορεύσομαι,
1287 2844 1655 2918 τοσοῦτον
1725 2839 1956 2920 αὐτον
2015 2838 2411 2967 ἐρωτήσας·
2487 2836 2805 2939 πότερόν
2876 2845 2963 2919 σε’

719 2970 860 3026 τις,
910 2943 1257 3043 Αἰσχίνη,
1301 2947 1430 3039 τῆς
1458 2942 1727 3030 πόλεως
1757 2941 2031 3043 ἔχθραν
2061 2947 2108 3043 ἢ
2137 2941 2319 3038 ἑμον
2353 2943 2543 3021 εἶναι
2567 2946 2709 3043 φῇς
2757 2946 2957 3017 Idem

719 3046 793 3116 in
829 3048 1119 3122 Androt.
1155 3072 1229 3142 p.
1257 3047 1433 3138 613,
1477 3048 1546 3120 3.
1602 3047 1765 3125 εἶτα
1809 3046 2046 3126 ταῦθ’
2080 3046 2295 3124 οὗτοι
2332 3050 2736 3124 πεισθῶσιν
2772 3047 2957 3149 ὑπὲρ

722 3146 968 3224 αὑτων
1014 3176 1095 3225 σι
1145 3158 1432 3243 ποιεῖν,
1484 3149 1604 3226 καὶ
1641 3148 1742 3226 vo?
1786 3155 1913 3249 τῆς
1961 3154 2086 3252 σῆς
2132 3149 2617 3251 ἀναισθησίας
2660 3151 2779 3225 καὶ
2827 3179 2959 3226 πο·

721 3254 969 3354 νηριάς
1014 3255 1190 3350 ἔργα
1239 3252 1362 3351 ἐφ’
1406 3249 1715 3338 ἑαυτσυς
1755 3254 2290 3342 ἁποδέξωνταις
2340 3254 2487 3327 Sed
2532 3253 2721 3350 quod
2765 3255 2958 3351 apud

719 3356 1122 3451 Euripidem
1149 3359 1399 3453 legitur
1415 3407 1438 3446 ‚
1487 3360 1700 3434 Herc.
1732 3361 1865 3436 fur.
1904 3358 2131 3429 1417.
2220 3433 2227 3442 ,

926 3513 1074 3592 πῶς
1111 3508 1242 3586 οὖν
1279 3514 1398 3588 ἔτ’
1434 3515 1633 3613 εἴπῃς
1668 3511 1788 3588 ὅτι
1827 3514 2325 3607 συνέσταλμαι
2359 3518 2643 3604 κακοῖς,

721 3684 964 3733 vereor
1005 3674 1082 3734 ut
1114 3668 1415 3758 potuerit
1451 3690 1595 3761 pro
1650 3662 1909 3796 μηκέτ
1956 3662 2086 3742 οὖν
2133 3668 2332 3765 εἴπῃς
2377 3665 2547 3756 dici,
2611 3674 2689 3735 ιιι
2726 3668 2956 3760 potius

723 3767 1158 3836 scribendum
1204 3769 1511 3840 videatur
1552 3771 1702 3852 πῶς
1752 3766 1886 3844 οὖν
1940 3769 2268 3851 ἐνίπτεις
2352 3771 2511 3838 Non
2550 3770 2646 3838 ita
2683 3770 2754 3840 ἰιι
2786 3794 2955 3841 con

723 3870 1029 3943 iunctivo
1073 3871 1500 3950 'adhortativo
1515 3924 1536 3962 ‚
1609 3896 2023 3966 quamquam
2088 3874 2146 3943 is
2197 3873 2479 3965 proprie
2532 3873 2697 3942 nihil
2748 3874 2956 3962 alind,

724 3995 931 4063 quam
968 3973 1445 4046 deliberativus
1498 3987 1624 4049 est.
1732 3976 1877 4046 cur
1906 3979 2123 4047 vero?
2172 3977 2444 4068 Nempe
2475 3977 2567 4045 ob
2606 3977 2727 4044 id
2707 4000 2955 4070 ipsum,

724 4077 882 4166 quia
907 4079 1189 4171 proprie
1225 4089 1330 4149 est
1358 4074 1858 4149 deliberativus.
1961 4081 2142 4150 Nam
2164 4080 2617 4171 nosmetipsos
2651 4082 2816 4171 quid
2843 4082 2954 4149 fa-

726 4202 885 4249 eere
932 4190 1248 4274 oporteat
1296 4205 1506 4275 quum
1544 4184 1995 4253 deliberamus
2012 4238 2032 4275 ‚
2083 4183 2151 4251 in
2192 4206 2279 4251 eo
2313 4205 2540 4253 sumus
2561 4232 2583 4267 ‚
2635 4194 2711 4252 ιιι
2739 4183 2813 4251 id
2854 4186 2953 4254 fa-

727 4283 1015 4354 ciamus:
1082 4308 1221 4378 quo
1291 4287 1369 4355 fit
1383 4338 1404 4374 ,
1472 4297 1546 4357 ιιι
1602 4287 1719 4356 hic
1771 4286 2246 4356 deliberativas
2312 4287 2766 4355 coniunctivus
2824 4287 2955 4356 ad-

724 4385 1089 4456 hortationi
1128 4388 1560 4461 adhibeatur:
1615 4413 1827 4482 quum
1849 4413 2015 4460 vero
2046 4389 2497 4459 deliberamus
2514 4444 2537 4481 ‚
2588 4391 2757 4481 quid
2785 4391 2953 4460 alios

723 4489 952 4563 facere
986 4494 1338 4564 conveniat
1353 4545 1375 4586 ,
1426 4494 1597 4565 nihil
1645 4492 1813 4565 illud
1861 4493 1955 4564 ad
1992 4493 2266 4564 illorum
2292 4494 2708 4565 voluntatem
2738 4496 2952 4588 perti-
