3259 5275
798 484 1668 563 HERMESIANAGTIS
1727 490 2037 556 ELEGI.
2397 498 2529 562 248

512 666 738 755 αὐτός
770 670 840 748 δ’
874 672 1087 756 οὗτος
1116 670 1411 764 αόιδός,
1468 678 1553 751 ὃν
1587 683 1664 752 ἐκ
1708 674 1893 761 Διός
1925 677 2098 755 αἶσα
2131 679 2522 777 φυλάσσει,

614 773 918 871 ἥδιστον
954 773 1248 852 πάντων
1277 779 1594 874 δαίμονα
1629 778 2138 873 μουσοπόλον,

511 874 781 975 λεπτήν
812 884 910 962 εἰς
945 876 1250 981 Ἰθάκην
1279 879 1692 958 α’νετείνετο
1725 892 1928 968 θεῖος
1945 884 2271 987 ’Όμηρος

350 979 456 1050 30
613 978 878 1080 ω’δῇσιν
907 985 1207 1081 πινυτῆς
1240 992 1477 1059 εἵνεκα
1513 982 1965 1086 Πηνελόπης·

506 1084 596 1181 ἢν
626 1086 746 1158 δία
781 1081 1017 1162 πολλοῖ
1048 1081 1317 1161 παθῶν
1348 1086 1590 1187 ὀλίγην
1624 1084 2054 1171 ἑςενοῖσσατο
2085 1096 2350 1185 νῆσον,

620 1184 890 1263 πολλόν
932 1186 1069 1262 ἀπ’
1107 1188 1378 1290 εὐρείης
1414 1187 1839 1284 λειπόμενος
1867 1197 2246 1287 πατρίδος·

508 1294 755 1363 κλαῖεν
789 1289 865 1365 δ’
896 1289 1216 1390 Ἰκαρίου
1247 1322 1331 1367 τε
1356 1296 1557 1388 γένος
1585 1295 1704 1367 καὶ
1734 1296 1966 1392 δῆμον
1996 1293 2372 1390 Ἀμύκλου
2388 1357 2416 1389 ,

606 1393 724 1466 καὶ
757 1390 1144 1493 Σπάρτην,
1197 1395 1397 1469 ι’δίων
1434 1392 1847 1490 ἁπτόμενος
1874 1403 2193 1473 παθέων.

348 1492 451 1563 35
510 1497 952 1594 ΙΙΙίμνερμος
983 1501 1096 1585 δέ,
1140 1493 1274 1573 τόν
1305 1494 1480 1597 η’δῦν
1510 1500 1586 1582 ὂς
1613 1499 1867 1597 εῦρετο
1903 1499 2173 1575 πολλόν
2204 1502 2521 1590 α’νατλοῖς

612 1596 792 1695 ἦχον
820 1602 941 1675 καὶ
966 1603 1307 1694 μαλακοῦ
1339 1599 1606 1694 πνεῦμ’
1636 1600 1786 1678 eino*
1818 1610 2360 1701 πενταμέτρου,

502 1703 754 1776 καίετο
784 1705 922 1799 μὲν
962 1705 1343 1797 Ναννοῦς,
1397 1706 1623 1802 πολίω
1659 1703 1729 1781 δ’
1763 1708 1878 1782 ἐπὶ
1904 1704 2210 1783 πολλάκι
2235 1706 2436 1806 λώτῳ

461 2014 565 2075 28.
611 2009 802 2071 Codd.
853 2009 1006 2073 Ven.
1050 2011 1169 2073 Pal.
1212 2007 1614 2090 μουσοπόλον.
1704 2013 1858 2073 Edd.
1905 2024 2052 2076 vett.
2094 2010 2508 2095 μουσοπόλων.

278 2095 602 2156 Vtrumvis
630 2095 777 2157 ferri
812 2108 1045 2177 posset,
1096 2096 1279 2156 modo
1304 2098 1568 2175 δαίμονα
1594 2098 1737 2157 satis
1763 2109 1926 2159 recte
1953 2099 2181 2160 dictum
2212 2122 2340 2162 esse
2371 2124 2512 2162 con·

278 2191 498 2243 staret.
588 2181 753 2242 Nihil
800 2203 869 2241 eo
913 2182 1149 2242 confert
1191 2182 1486 2242 Ammiani
1513 2182 1726 2263 τέχνης
1754 2185 2078 2266 ῥητορικῆς
2108 2188 2343 2267 δαίμων
2371 2194 2513 2250 λευ-

274 2263 588 2348 κοφόρος,
634 2267 710 2329 de
744 2287 868 2347 quo
897 2267 1206 2328 Iacobsius
1234 2268 1310 2327 ad
1351 2267 1595 2368 Apthol.
1631 2270 1752 2331 vol.
1787 2271 1864 2332 X.
1908 2292 1966 2351 p.
2003 2275 2146 2336 137.
2237 2274 2512 2352 Ambigi-

276 2372 405 2433 que
447 2362 649 2432 potest
689 2354 866 2413 etiam
907 2354 983 2413 de
1030 2373 1136 2429 eo,
1195 2363 1399 2413 utrum
1443 2353 1595 2414 haec
1635 2355 1821 2414 verba
1868 2356 2175 2435 appositio
2223 2359 2379 2436 sint,
2435 2380 2512 2419 su

278 2447 640 2499 constructa
693 2459 831 2498 cum
879 2434 1192 2517 φυλάσσει.
1279 2440 1428 2499 Nam
1473 2440 1523 2500 si
1568 2440 1966 2518 distinguitur
2012 2451 2149 2522 post
2193 2438 2511 2522 φυλάσσει,

275 2525 640 2604 simpliciter
685 2533 996 2584 aeternum
1045 2545 1172 2584 esse
1206 2523 1533 2584 Homerum
1567 2526 1718 2586 dicit
1757 2536 1969 2606 poeta3
2027 2527 2077 2586 si
2126 2548 2250 2586 non
2298 2528 2511 2590 distin·

276 2610 525 2690 guitur,
570 2611 864 2671 suavitate
897 2631 1031 2671 eum
1062 2612 1128 2670 in
1160 2631 1334 2671 omne
1361 2620 1599 2690 tempus
1627 2612 1965 2693 principem
2002 2615 2252 2675 servari.
2343 2616 2505 2677 Gra-

271 2698 421 2757 vior
449 2694 597 2756 mihi
630 2697 986 2777 digniorque
1016 2696 1187 2779 prior
1217 2697 1372 2756 ratio
1406 2698 1666 2758 videtur.
1735 2699 1935 2772 Quare
1965 2699 2052 2757 sic
2080 2696 2322 2780 poetam
2355 2704 2509 2763 scri-

271 2783 478 2862 psisse
530 2784 840 2864 suspicor:
901 2779 1156 2863 ἥδιστον
1196 2777 1444 2845 πάντων
1483 2786 1747 2862 δαίμονα
1784 2789 2191 2862 μουσοπολοῖν
2239 2781 2506 2872 φ’δῇσιν·

168 2892 175 2899 ·
271 2867 431 2928 haec
469 2869 626 2928 enim
664 2867 852 2928 verba
896 2869 1312 2947 coniungenda
1338 2879 1507 2928 sunt:
1569 2868 2004 2927 dulcissimum
2043 2870 2295 2929 deorum
2324 2875 2510 2932 Amo-

270 2975 406 3014 rem
450 2955 831 3014 carminibus
856 2956 1073 3015 colens.
1162 2954 1654 3028 Recordabatur‚
1699 2956 1815 3015 nisi
1840 2955 2053 3029 fallor,
2098 2956 2266 3035 quod
2298 2957 2510 3018 Hesio-

273 3040 395 3099 dus
429 3039 622 3117 dixit,
666 3035 985 3122 ἠδ”Ἐρος
1008 3088 1025 3118 ,
1070 3035 1143 3113 ὃς
1165 3035 1479 3113 κάλλιστος
1510 3039 1576 3104 ἐν
1616 3033 1982 3104 ἀθανάτοισι
2022 3046 2279 3105 θεοῖσιν.
2366 3044 2507 3104 Non

271 3124 477 3185 habeo
507 3126 674 3187 aliud
718 3126 1056 3205 exemplum
1098 3124 1273 3184 verbi
1316 3130 1757 3204 μουσοπολεῖν,
1814 3126 1917 3185 sed
1958 3127 2250 3202 exemplis
2291 3129 2356 3187 in
2384 3128 2505 3189 hoc

272 3231 498 3290 genere
542 3233 661 3271 non
695 3231 871 3291 opus.
962 3210 1187 3271 Eodem
1233 3210 1450 3286 modo,
1496 3210 1612 3269 nisi
1647 3212 1782 3291 quis
1826 3212 1984 3271 forte
2014 3211 2079 3270 id
2124 3210 2228 3272 hic
2267 3234 2506 3293 quoque
2563 3222 2580 3241 “

269 3297 615 3377 praeferat,
661 3303 1060 3377 μουσοποιεῖν
1101 3297 1258 3356 dixit
1298 3295 1732 3376 Aristophanes
1777 3297 1935 3357 Nub.
1978 3294 2127 3362 334.
2172 3298 2365 3358 Versu
2396 3306 2501 3367 29.

273 3376 343 3445 δ’
370 3391 512 3463 post
542 3379 767 3462 λεπτήν
795 3381 1022 3442 delevit
1049 3381 1408 3442 novissimus
1443 3383 1645 3442 editor
1674 3380 1976 3445 Athenaei.

449 3472 550 3533 88.
599 3468 761 3527 Libri
790 3467 1022 3531 ἔκλαιεν
1050 3462 1110 3531 δ’
1140 3462 1404 3549 Ἰκάρου.
1458 3467 1613 3526 Mira
1645 3468 1923 3527 socordia
1955 3466 2325 3544 criticorum,
2354 3488 2502 3548 quo·

272 3572 411 3614 rum
442 3554 649 3613 nullus
680 3552 802 3613 hoc
833 3553 1258 3617 emendaverit.

450 3640 555 3705 35.
601 3640 784 3699 Nullo
816 3649 995 3719 pacto
1024 3638 1153 3699 fieri
1185 3646 1412 3720 potest,
1459 3637 1623 3718 quod
1646 3635 2003 3698 Ruhnkenio
2031 3638 2387 3714 videbatur,
2434 3649 2500 3699 ut

271 3720 504 3788 πολλόν
532 3718 792 3799 ἆνατλοὶς
826 3726 1226 3804 coniungatur
1253 3744 1391 3784 cum
1419 3725 1621 3787 καίετο
1650 3721 1762 3804 μὲν
1793 3727 2100 3797 Ναννοῦς.
2187 3725 2320 3783 Alia
2352 3722 2502 3785 haec

270 3811 471 3886 mala,
514 3830 693 3889 quem
724 3811 945 3870 amoris
977 3832 1172 3885 curas,
1221 3811 1402 3869 fuisse
1437 3809 1832 3870 crediderim:
1878 3829 1948 3867 ac
1975 3829 2117 3868 mox
2143 3830 2355 3888 graves
2384 3811 2502 3869 ini-

273 3896 419 3957 mici
454 3907 864 3956 memorantur
891 3896 1249 3957 Hermobius
1281 3905 1338 3956 et
1368 3894 1706 3957 Pherecles.
1800 3893 1980 3968 Quod
2015 3893 2280 3955 Philetae
2310 3895 2497 3956 verba

274 3982 443 4063 apud
486 3981 809 4042 stobaeum
842 3983 1113 4042 LXXXI.
1144 3983 1201 4048 4.
1230 3981 1431 4041 attulit
1464 3979 1891 4057 Ruhnkenius,
1936 3972 2076 4042 α’λλ’
2099 3979 2294 4044 ἐπέων
2324 3977 2502 4055 εἰδώς

271 4062 542 4147 κόσμον,
583 4067 689 4130 καὶ
710 4065 904 4131 πολλοὶ
929 4061 1201 4149 μομὶσας
1245 4060 1470 4148 μύθων
1498 4068 1808 4129 παντοίων
1852 4061 2033 4145 οἷμον
2076 4060 2496 4144 ἐπιστάμενος,

271 4152 421 4213 fecit
460 4174 626 4213 more
664 4153 827 4213 illius
870 4154 1197 4235 temporis,
1242 4172 1363 4231 quo
1395 4151 1544 4229 sibi,
1601 4161 1673 4211 ut
1704 4153 2031 4211 etiamnum
2072 4152 2386 4228 nonnulli,
2433 4152 2496 4211 in

273 4236 554 4298 similiter
582 4239 885 4299 dictorum
920 4241 1365 4319 comparatione
1402 4238 1522 4297 viri
1556 4236 1721 4297 docti
1755 4237 2087 4318 placebant.
2177 4235 2341 4295 Nihil
2383 4237 2497 4296 iste

270 4322 443 4383 locus
474 4323 552 4384 ad
580 4324 1153 4400 Hermesianactem,
1198 4324 1551 4405 praesertim
1583 4343 1768 4403 quum
1802 4321 2102 4398 Philetas,
2147 4322 2197 4381 si
2229 4320 2381 4402 quid
2405 4321 2496 4382 vi-

273 4407 387 4471 deo
409 4451 428 4483 ,
472 4407 559 4490 μή
591 4404 787 4471 πολλοὶ
822 4403 1093 4492 μογήσας
1125 4408 1456 4489 scripserit.

441 4499 548 4562 37.
596 4494 745 4558 Cod.
779 4495 926 4559 Ven.
960 4499 1218 4582 πολλιῷ,
1268 4494 1389 4555 Pal.
1418 4494 1645 4580 πολίω,
1691 4491 1827 4555 edd.
1861 4501 2006 4552 vett.
2032 4493 2248 4577 πολιῷ.
2337 4490 2494 4551 Tum

1822 4595 2077 4688 .Q*
