<?xml version="1.0" encoding="UTF-8"?>
<!DOCTYPE html PUBLIC "-//W3C//DTD XHTML 1.0 Transitional//EN"
    "http://www.w3.org/TR/xhtml1/DTD/xhtml1-transitional.dtd">
<html xmlns="http://www.w3.org/1999/xhtml" xml:lang="en" lang="en">
 <head>
  <title>
</title>
<meta http-equiv="Content-Type" content="text/html;charset=utf-8" />
  <meta name='ocr-system' content='tesseract 3.04.00' />
  <meta name='ocr-capabilities' content='ocr_page ocr_carea ocr_par ocr_line ocrx_word'/>
</head>
<body>
  <div class='ocr_page' id='page_1' title='image "./godofrediherman03fritgoog_0394.png"; bbox 0 0 3259 5275; ppageno 0'>
   <div class='ocr_carea' id='block_1_1' title="bbox 734 477 2537 578">
    <p class='ocr_par' dir='ltr' id='par_1_1' title="bbox 734 477 2537 578">
     <span class='ocr_line' id='line_1_1' title="bbox 734 477 2537 578; baseline 0.004 -17"><span class='ocrx_word' id='word_1_1' title='bbox 734 499 875 574; x_wconf 64' lang='grc' dir='ltr'><strong>ηρ·</strong></span> <span class='ocrx_word' id='word_1_2' title='bbox 1278 477 1382 565; x_wconf 71' lang='lat' dir='ltr'><strong>mi</strong></span> <span class='ocrx_word' id='word_1_3' title='bbox 1422 499 1793 564; x_wconf 69' lang='lat' dir='ltr'><strong>ususvffl</strong></span> <span class='ocrx_word' id='word_1_4' title='bbox 1829 499 2277 578; x_wconf 76' lang='lat' dir='ltr'><strong>v&#39;rmstvE</strong></span> <span class='ocrx_word' id='word_1_5' title='bbox 2312 498 2413 567; x_wconf 62' lang='grc' dir='ltr'><strong>ἄν.</strong></span> <span class='ocrx_word' id='word_1_6' title='bbox 2530 495 2537 502; x_wconf 80' lang='grc'><strong><em>’</em></strong></span> 
     </span>
    </p>
   </div>
   <div class='ocr_carea' id='block_1_2' title="bbox 728 691 2960 1619">
    <p class='ocr_par' dir='ltr' id='par_1_2' title="bbox 728 691 2960 1619">
     <span class='ocr_line' id='line_1_2' title="bbox 739 691 2960 789; baseline -0 -23"><span class='ocrx_word' id='word_1_7' title='bbox 739 704 843 766; x_wconf 87' lang='lat' dir='ltr'><strong>est</strong></span> <span class='ocrx_word' id='word_1_8' title='bbox 891 692 1265 765; x_wconf 75' lang='lat' dir='ltr'><strong>accuratius</strong></span> <span class='ocrx_word' id='word_1_9' title='bbox 1320 691 1751 760; x_wconf 88' lang='lat' dir='ltr'><strong>considerare</strong></span> <span class='ocrx_word' id='word_1_10' title='bbox 1804 691 2117 785; x_wconf 83' lang='lat' dir='ltr'><strong>exempla</strong></span> <span class='ocrx_word' id='word_1_11' title='bbox 2166 692 2317 782; x_wconf 86' lang='lat' dir='ltr'><strong>illa,</strong></span> <span class='ocrx_word' id='word_1_12' title='bbox 2379 691 2450 761; x_wconf 90' lang='lat' dir='ltr'><strong>in</strong></span> <span class='ocrx_word' id='word_1_13' title='bbox 2498 693 2742 784; x_wconf 90' lang='lat' dir='ltr'><strong>quibus</strong></span> <span class='ocrx_word' id='word_1_14' title='bbox 2789 719 2960 789; x_wconf 90' lang='lat' dir='ltr'><strong>pro-</strong></span> 
     </span>
     <span class='ocr_line' id='line_1_3' title="bbox 736 794 2960 887; baseline 0 -17"><span class='ocrx_word' id='word_1_15' title='bbox 736 800 1019 870; x_wconf 91' lang='lat' dir='ltr'><strong>ductum</strong></span> <span class='ocrx_word' id='word_1_16' title='bbox 1070 820 1218 867; x_wconf 91' lang='lat' dir='ltr'><strong>esse</strong></span> <span class='ocrx_word' id='word_1_17' title='bbox 1279 794 1371 869; x_wconf 77' lang='grc' dir='ltr'><strong><em>ἆν</em></strong></span> <span class='ocrx_word' id='word_1_18' title='bbox 1437 795 1794 866; x_wconf 81' lang='lat' dir='ltr'><strong>videbatur</strong></span> <span class='ocrx_word' id='word_1_19' title='bbox 1843 796 2219 865; x_wconf 86' lang='lat' dir='ltr'><strong>Diudorfio.</strong></span> <span class='ocrx_word' id='word_1_20' title='bbox 2338 796 2424 864; x_wconf 94' lang='lat' dir='ltr'><strong>ld</strong></span> <span class='ocrx_word' id='word_1_21' title='bbox 2486 797 2769 887; x_wconf 86' lang='lat' dir='ltr'><strong>faciam,</strong></span> <span class='ocrx_word' id='word_1_22' title='bbox 2836 801 2960 869; x_wconf 91' lang='lat' dir='ltr'><strong>sed</strong></span> 
     </span>
     <span class='ocr_line' id='line_1_4' title="bbox 734 899 2960 991; baseline -0 -18"><span class='ocrx_word' id='word_1_23' title='bbox 734 913 996 973; x_wconf 86' lang='lat' dir='ltr'><strong>mutato</strong></span> <span class='ocrx_word' id='word_1_24' title='bbox 1047 900 1286 971; x_wconf 81' lang='lat' dir='ltr'><strong>ordine</strong></span> <span class='ocrx_word' id='word_1_25' title='bbox 1338 921 1423 968; x_wconf 90' lang='lat' dir='ltr'><strong>eo</strong></span> <span class='ocrx_word' id='word_1_26' title='bbox 1436 951 1457 985; x_wconf 88' lang='lat'><strong>‚</strong></span> <span class='ocrx_word' id='word_1_27' title='bbox 1511 922 1649 990; x_wconf 88' lang='lat' dir='ltr'><strong>quo</strong></span> <span class='ocrx_word' id='word_1_28' title='bbox 1703 908 1859 968; x_wconf 88' lang='lat' dir='ltr'><strong>sunt</strong></span> <span class='ocrx_word' id='word_1_29' title='bbox 1898 923 1941 969; x_wconf 88' lang='lat' dir='ltr'><strong>a</strong></span> <span class='ocrx_word' id='word_1_30' title='bbox 1964 899 2321 969; x_wconf 85' lang='lat' dir='ltr'><strong>Dindorfio</strong></span> <span class='ocrx_word' id='word_1_31' title='bbox 2364 911 2753 971; x_wconf 88' lang='lat' dir='ltr'><strong>enumerata</strong></span> <span class='ocrx_word' id='word_1_32' title='bbox 2766 954 2788 991; x_wconf 85' lang='lat'><strong>,</strong></span> <span class='ocrx_word' id='word_1_33' title='bbox 2839 904 2960 972; x_wconf 91' lang='lat' dir='ltr'><strong>ad-</strong></span> 
     </span>
     <span class='ocr_line' id='line_1_5' title="bbox 732 1001 2957 1098; baseline -0 -21"><span class='ocrx_word' id='word_1_34' title='bbox 732 1008 1064 1098; x_wconf 87' lang='lat' dir='ltr'><strong>iectisque</strong></span> <span class='ocrx_word' id='word_1_35' title='bbox 1099 1001 1364 1073; x_wconf 90' lang='lat' dir='ltr'><strong>duobus</strong></span> <span class='ocrx_word' id='word_1_36' title='bbox 1393 1003 1571 1091; x_wconf 85' lang='lat' dir='ltr'><strong>aliis,</strong></span> <span class='ocrx_word' id='word_1_37' title='bbox 1623 1025 1913 1093; x_wconf 90' lang='lat' dir='ltr'><strong>quorum</strong></span> <span class='ocrx_word' id='word_1_38' title='bbox 1941 1004 2012 1071; x_wconf 90' lang='lat' dir='ltr'><strong>in</strong></span> <span class='ocrx_word' id='word_1_39' title='bbox 2038 1026 2175 1072; x_wconf 91' lang='lat' dir='ltr'><strong>uno</strong></span> <span class='ocrx_word' id='word_1_40' title='bbox 2206 1027 2416 1095; x_wconf 91' lang='lat' dir='ltr'><strong>quum</strong></span> <span class='ocrx_word' id='word_1_41' title='bbox 2440 1006 2569 1098; x_wconf 87' lang='lat' dir='ltr'><strong>ipsi</strong></span> <span class='ocrx_word' id='word_1_42' title='bbox 2597 1006 2957 1077; x_wconf 85' lang='lat' dir='ltr'><strong>Dindorfio</strong></span> 
     </span>
     <span class='ocr_line' id='line_1_6' title="bbox 733 1105 2958 1204; baseline -0.002 -20"><span class='ocrx_word' id='word_1_43' title='bbox 733 1110 827 1185; x_wconf 76' lang='grc' dir='ltr'><strong><em>ἄν</em></strong></span> <span class='ocrx_word' id='word_1_44' title='bbox 852 1110 1263 1204; x_wconf 90' lang='lat' dir='ltr'><strong>productum</strong></span> <span class='ocrx_word' id='word_1_45' title='bbox 1279 1105 1627 1196; x_wconf 78' lang='lat' dir='ltr'><strong>debeatur,</strong></span> <span class='ocrx_word' id='word_1_46' title='bbox 1652 1115 1768 1175; x_wconf 88' lang='lat' dir='ltr'><strong>aut</strong></span> <span class='ocrx_word' id='word_1_47' title='bbox 1782 1107 2026 1176; x_wconf 87' lang='lat' dir='ltr'><strong>oblitus</strong></span> <span class='ocrx_word' id='word_1_48' title='bbox 2054 1109 2195 1176; x_wconf 89' lang='lat' dir='ltr'><strong>eius</strong></span> <span class='ocrx_word' id='word_1_49' title='bbox 2226 1131 2395 1196; x_wconf 87' lang='lat' dir='ltr'><strong>esse,</strong></span> <span class='ocrx_word' id='word_1_50' title='bbox 2418 1119 2533 1177; x_wconf 89' lang='lat' dir='ltr'><strong>aut</strong></span> <span class='ocrx_word' id='word_1_51' title='bbox 2558 1132 2738 1178; x_wconf 89' lang='lat' dir='ltr'><strong>nunc</strong></span> <span class='ocrx_word' id='word_1_52' title='bbox 2764 1112 2958 1180; x_wconf 87' lang='lat' dir='ltr'><strong>aliter</strong></span> 
     </span>
     <span class='ocr_line' id='line_1_7' title="bbox 732 1210 2955 1304; baseline 0 -21"><span class='ocrx_word' id='word_1_53' title='bbox 732 1213 823 1282; x_wconf 91' lang='lat' dir='ltr'><strong>de</strong></span> <span class='ocrx_word' id='word_1_54' title='bbox 854 1236 938 1283; x_wconf 93' lang='lat' dir='ltr'><strong>eo</strong></span> <span class='ocrx_word' id='word_1_55' title='bbox 970 1221 1261 1283; x_wconf 76' lang='lat' dir='ltr'><strong>statuere</strong></span> <span class='ocrx_word' id='word_1_56' title='bbox 1285 1210 1568 1280; x_wconf 84' lang='lat' dir='ltr'><strong>videtur.</strong></span> <span class='ocrx_word' id='word_1_57' title='bbox 1640 1210 1910 1279; x_wconf 83' lang='lat' dir='ltr'><strong>Etenim</strong></span> <span class='ocrx_word' id='word_1_58' title='bbox 1939 1210 2308 1304; x_wconf 85' lang='lat' dir='ltr'><strong>permirum</strong></span> <span class='ocrx_word' id='word_1_59' title='bbox 2343 1222 2468 1299; x_wconf 86' lang='lat' dir='ltr'><strong>est,</strong></span> <span class='ocrx_word' id='word_1_60' title='bbox 2495 1213 2685 1304; x_wconf 90' lang='lat' dir='ltr'><strong>quod</strong></span> <span class='ocrx_word' id='word_1_61' title='bbox 2705 1213 2794 1283; x_wconf 89' lang='lat' dir='ltr'><strong>de</strong></span> <span class='ocrx_word' id='word_1_62' title='bbox 2827 1214 2955 1284; x_wconf 88' lang='lat' dir='ltr'><strong>illis</strong></span> 
     </span>
     <span class='ocr_line' id='line_1_8' title="bbox 734 1310 2955 1408; baseline -0 -22"><span class='ocrx_word' id='word_1_63' title='bbox 734 1317 1098 1387; x_wconf 86' lang='lat' dir='ltr'><strong>duodecim</strong></span> <span class='ocrx_word' id='word_1_64' title='bbox 1150 1315 1474 1406; x_wconf 85' lang='lat' dir='ltr'><strong>exemplis</strong></span> <span class='ocrx_word' id='word_1_65' title='bbox 1526 1324 1791 1408; x_wconf 82' lang='lat' dir='ltr'><strong>septem</strong></span> <span class='ocrx_word' id='word_1_66' title='bbox 1843 1310 1972 1386; x_wconf 73' lang='grc' dir='ltr'><strong>οὐκ</strong></span> <span class='ocrx_word' id='word_1_67' title='bbox 2026 1314 2119 1387; x_wconf 80' lang='grc' dir='ltr'><strong><em>ἄν</em></strong></span> <span class='ocrx_word' id='word_1_68' title='bbox 2169 1314 2459 1401; x_wconf 85' lang='lat' dir='ltr'><strong>habent,</strong></span> <span class='ocrx_word' id='word_1_69' title='bbox 2502 1339 2795 1408; x_wconf 88' lang='lat' dir='ltr'><strong>quorum</strong></span> <span class='ocrx_word' id='word_1_70' title='bbox 2834 1318 2955 1385; x_wconf 88' lang='lat' dir='ltr'><strong>tri-</strong></span> 
     </span>
     <span class='ocr_line' id='line_1_9' title="bbox 730 1418 2952 1514; baseline 0 -24"><span class='ocrx_word' id='word_1_71' title='bbox 730 1420 901 1507; x_wconf 86' lang='lat' dir='ltr'><strong>bus,</strong></span> <span class='ocrx_word' id='word_1_72' title='bbox 967 1442 1146 1509; x_wconf 87' lang='lat' dir='ltr'><strong>quae</strong></span> <span class='ocrx_word' id='word_1_73' title='bbox 1214 1418 1532 1487; x_wconf 81' lang='lat' dir='ltr'><strong>facillime</strong></span> <span class='ocrx_word' id='word_1_74' title='bbox 1602 1418 1853 1511; x_wconf 85' lang='lat' dir='ltr'><strong>corrigi</strong></span> <span class='ocrx_word' id='word_1_75' title='bbox 1901 1418 2151 1488; x_wconf 88' lang='lat' dir='ltr'><strong>inserto</strong></span> <span class='ocrx_word' id='word_1_76' title='bbox 2201 1420 2601 1512; x_wconf 87' lang='lat' dir='ltr'><strong>pronomine</strong></span> <span class='ocrx_word' id='word_1_77' title='bbox 2652 1430 2952 1514; x_wconf 76' lang='lat' dir='ltr'><strong>possunt,</strong></span> 
     </span>
     <span class='ocr_line' id='line_1_10' title="bbox 728 1471 2952 1619; baseline 0 -24"><span class='ocrx_word' id='word_1_78' title='bbox 728 1471 1118 1595; x_wconf 82' lang='lat' dir='ltr'><strong>Diudorfius</strong></span> <span class='ocrx_word' id='word_1_79' title='bbox 1174 1524 1323 1616; x_wconf 89' lang='lat' dir='ltr'><strong>ipse</strong></span> <span class='ocrx_word' id='word_1_80' title='bbox 1384 1544 1526 1591; x_wconf 88' lang='lat' dir='ltr'><strong>nou</strong></span> <span class='ocrx_word' id='word_1_81' title='bbox 1591 1522 1880 1590; x_wconf 88' lang='lat' dir='ltr'><strong>multum</strong></span> <span class='ocrx_word' id='word_1_82' title='bbox 1941 1521 2302 1596; x_wconf 74' lang='lat' dir='ltr'><strong>tribuebat.</strong></span> <span class='ocrx_word' id='word_1_83' title='bbox 2423 1524 2539 1596; x_wconf 84' lang='lat' dir='ltr'><strong>Ab</strong></span> <span class='ocrx_word' id='word_1_84' title='bbox 2589 1524 2697 1594; x_wconf 87' lang='lat' dir='ltr'><strong>his</strong></span> <span class='ocrx_word' id='word_1_85' title='bbox 2749 1526 2952 1619; x_wconf 85' lang='lat' dir='ltr'><strong>igitur</strong></span> 
     </span>
    </p>
   </div>
   <div class='ocr_carea' id='block_1_3' title="bbox 727 1626 1383 1699">
    <p class='ocr_par' dir='ltr' id='par_1_3' title="bbox 727 1626 1383 1699">
     <span class='ocr_line' id='line_1_11' title="bbox 727 1626 1383 1699; baseline 0 -1"><span class='ocrx_word' id='word_1_86' title='bbox 727 1628 984 1698; x_wconf 82' lang='lat' dir='ltr'><strong>initium</strong></span> <span class='ocrx_word' id='word_1_87' title='bbox 1035 1626 1383 1699; x_wconf 86' lang='lat' dir='ltr'><strong>faciamus.</strong></span> 
     </span>
    </p>
   </div>
   <div class='ocr_carea' id='block_1_4' title="bbox 725 1777 2945 1974">
    <p class='ocr_par' dir='ltr' id='par_1_4' title="bbox 725 1777 2945 1974">
     <span class='ocr_line' id='line_1_12' title="bbox 932 1777 2945 1872; baseline -0.001 -20"><span class='ocrx_word' id='word_1_88' title='bbox 932 1782 988 1852; x_wconf 91' lang='grc' dir='ltr'><strong>Ι.</strong></span> <span class='ocrx_word' id='word_1_89' title='bbox 1057 1781 1230 1872; x_wconf 87' lang='grc' dir='ltr'><strong>(ΙΧ.</strong></span> <span class='ocrx_word' id='word_1_90' title='bbox 1252 1779 1509 1871; x_wconf 84' lang='lat' dir='ltr'><strong>Dind.)</strong></span> <span class='ocrx_word' id='word_1_91' title='bbox 1611 1778 1692 1847; x_wconf 91' lang='lat' dir='ltr'><strong>In</strong></span> <span class='ocrx_word' id='word_1_92' title='bbox 1733 1777 2002 1846; x_wconf 89' lang='lat' dir='ltr'><strong>Helena</strong></span> <span class='ocrx_word' id='word_1_93' title='bbox 2038 1778 2381 1872; x_wconf 86' lang='lat' dir='ltr'><strong>Euripidis</strong></span> <span class='ocrx_word' id='word_1_94' title='bbox 2418 1778 2816 1851; x_wconf 86' lang='lat' dir='ltr'><strong>Menelaum</strong></span> <span class='ocrx_word' id='word_1_95' title='bbox 2841 1780 2945 1850; x_wconf 86' lang='lat' dir='ltr'><strong>in-</strong></span> 
     </span>
     <span class='ocr_line' id='line_1_13' title="bbox 725 1882 2394 1974; baseline 0 -19"><span class='ocrx_word' id='word_1_96' title='bbox 725 1894 832 1955; x_wconf 86' lang='lat' dir='ltr'><strong>ter</strong></span> <span class='ocrx_word' id='word_1_97' title='bbox 871 1894 942 1956; x_wconf 89' lang='lat' dir='ltr'><strong>et</strong></span> <span class='ocrx_word' id='word_1_98' title='bbox 975 1885 1311 1955; x_wconf 86' lang='lat' dir='ltr'><strong>Helenam</strong></span> <span class='ocrx_word' id='word_1_99' title='bbox 1351 1883 1528 1952; x_wconf 87' lang='lat' dir='ltr'><strong>haec</strong></span> <span class='ocrx_word' id='word_1_100' title='bbox 1562 1882 2026 1974; x_wconf 86' lang='lat' dir='ltr'><strong>disceptantur</strong></span> <span class='ocrx_word' id='word_1_101' title='bbox 2057 1906 2123 1953; x_wconf 79' lang='lat' dir='ltr'><strong>v.</strong></span> <span class='ocrx_word' id='word_1_102' title='bbox 2169 1883 2394 1955; x_wconf 79' lang='lat'>1049.</span> 
     </span>
    </p>
   </div>
   <div class='ocr_carea' id='block_1_5' title="bbox 823 2030 2862 2496">
    <p class='ocr_par' dir='ltr' id='par_1_5' title="bbox 824 2030 2862 2254">
     <span class='ocr_line' id='line_1_14' title="bbox 824 2030 2862 2135; baseline 0.001 -27"><span class='ocrx_word' id='word_1_103' title='bbox 824 2039 939 2116; x_wconf 74' lang='lat' dir='ltr'><strong>M</strong></span> <span class='ocrx_word' id='word_1_104' title='bbox 1611 2035 1825 2134; x_wconf 73' lang='grc' dir='ltr'><strong><em>φέρε,</em></strong></span> <span class='ocrx_word' id='word_1_105' title='bbox 1877 2033 1957 2110; x_wconf 79' lang='grc' dir='ltr'><strong>τί</strong></span> <span class='ocrx_word' id='word_1_106' title='bbox 1990 2031 2083 2123; x_wconf 81' lang='grc' dir='ltr'><strong>δ’,</strong></span> <span class='ocrx_word' id='word_1_107' title='bbox 2137 2038 2209 2111; x_wconf 82' lang='grc' dir='ltr'><strong>εἰ</strong></span> <span class='ocrx_word' id='word_1_108' title='bbox 2232 2035 2581 2135; x_wconf 68' lang='grc' dir='ltr'><strong>κρυφθεὶς</strong></span> <span class='ocrx_word' id='word_1_109' title='bbox 2607 2030 2862 2131; x_wconf 78' lang='grc' dir='ltr'><strong>δόμοις</strong></span> 
     </span>
     <span class='ocr_line' id='line_1_15' title="bbox 1034 2149 2575 2254; baseline -0.003 -21"><span class='ocrx_word' id='word_1_110' title='bbox 1034 2152 1384 2253; x_wconf 74' lang='grc' dir='ltr'><strong><em>κτάνοιμ’</em></strong></span> <span class='ocrx_word' id='word_1_111' title='bbox 1411 2154 1695 2231; x_wconf 76' lang='grc' dir='ltr'><strong><em>άνακτα</em></strong></span> <span class='ocrx_word' id='word_1_112' title='bbox 1745 2156 1934 2253; x_wconf 74' lang='grc' dir='ltr'><strong>τῷδε</strong></span> <span class='ocrx_word' id='word_1_113' title='bbox 1973 2149 2298 2252; x_wconf 77' lang='grc' dir='ltr'><strong>διστόμῳ</strong></span> <span class='ocrx_word' id='word_1_114' title='bbox 2342 2155 2575 2254; x_wconf 60' lang='lat' dir='ltr'><strong>timec,-</strong></span> 
     </span>
    </p>

    <p class='ocr_par' dir='ltr' id='par_1_6' title="bbox 823 2270 2615 2496">
     <span class='ocr_line' id='line_1_16' title="bbox 823 2270 2587 2371; baseline -0.005 -13"><span class='ocrx_word' id='word_1_115' title='bbox 823 2283 919 2358; x_wconf 88' lang='grc' dir='ltr'><strong>Ε.</strong></span> <span class='ocrx_word' id='word_1_116' title='bbox 1022 2274 1154 2354; x_wconf 76' lang='grc' dir='ltr'><strong>οὐκ</strong></span> <span class='ocrx_word' id='word_1_117' title='bbox 1198 2276 1291 2353; x_wconf 79' lang='grc' dir='ltr'><strong><em>ἄν</em></strong></span> <span class='ocrx_word' id='word_1_118' title='bbox 1323 2274 1395 2351; x_wconf 77' lang='grc' dir='ltr'><strong>α’</strong></span> <span class='ocrx_word' id='word_1_119' title='bbox 1425 2270 1845 2368; x_wconf 68' lang='grc' dir='ltr'><strong>ἀνάσχοιτ’..</strong></span> <span class='ocrx_word' id='word_1_120' title='bbox 1902 2272 2073 2352; x_wconf 74' lang='grc' dir='ltr'><strong>οὐδὲ</strong></span> <span class='ocrx_word' id='word_1_121' title='bbox 2100 2270 2454 2371; x_wconf 73' lang='grc' dir='ltr'><strong>σιγήσειεν</strong></span> <span class='ocrx_word' id='word_1_122' title='bbox 2491 2275 2587 2350; x_wconf 78' lang='grc' dir='ltr'><strong><em>οἷν</em></strong></span> 
     </span>
     <span class='ocr_line' id='line_1_17' title="bbox 1029 2389 2615 2496; baseline -0.003 -21"><span class='ocrx_word' id='word_1_123' title='bbox 1029 2393 1375 2494; x_wconf 77' lang='grc' dir='ltr'><strong><em>μέλλοντ’</em></strong></span> <span class='ocrx_word' id='word_1_124' title='bbox 1417 2390 1700 2496; x_wconf 57' lang='lat' dir='ltr'><strong>donam*</strong></span> <span class='ocrx_word' id='word_1_125' title='bbox 1740 2389 2093 2491; x_wconf 74' lang='grc' dir='ltr'><strong><em>σύγγονον</em></strong></span> <span class='ocrx_word' id='word_1_126' title='bbox 2123 2403 2615 2472; x_wconf 68' lang='grc' dir='ltr'><strong>κατακτενεῖν.</strong></span> 
     </span>
    </p>
   </div>
   <div class='ocr_carea' id='block_1_6' title="bbox 720 2541 2939 2750">
    <p class='ocr_par' dir='ltr' id='par_1_7' title="bbox 720 2541 2939 2750">
     <span class='ocr_line' id='line_1_18' title="bbox 720 2541 2937 2626; baseline -0.001 -1"><span class='ocrx_word' id='word_1_127' title='bbox 720 2555 839 2626; x_wconf 88' lang='lat' dir='ltr'><strong>Sic</strong></span> <span class='ocrx_word' id='word_1_128' title='bbox 883 2575 970 2623; x_wconf 85' lang='lat' dir='ltr'><strong>ex</strong></span> <span class='ocrx_word' id='word_1_129' title='bbox 1009 2552 1199 2620; x_wconf 88' lang='lat' dir='ltr'><strong>Porti</strong></span> <span class='ocrx_word' id='word_1_130' title='bbox 1246 2551 1714 2621; x_wconf 87' lang='lat' dir='ltr'><strong>emendatione</strong></span> <span class='ocrx_word' id='word_1_131' title='bbox 1773 2551 2045 2621; x_wconf 87' lang='lat' dir='ltr'><strong>editum.</strong></span> <span class='ocrx_word' id='word_1_132' title='bbox 2169 2550 2361 2621; x_wconf 85' lang='lat' dir='ltr'><strong>Libri</strong></span> <span class='ocrx_word' id='word_1_133' title='bbox 2408 2546 2536 2624; x_wconf 73' lang='grc' dir='ltr'><strong>οὐκ</strong></span> <span class='ocrx_word' id='word_1_134' title='bbox 2590 2548 2683 2623; x_wconf 83' lang='grc' dir='ltr'><strong><em>άν</em></strong></span> <span class='ocrx_word' id='word_1_135' title='bbox 2749 2541 2937 2622; x_wconf 87' lang='grc' dir='ltr'><strong><em>άνά-</em></strong></span> 
     </span>
     <span class='ocr_line' id='line_1_19' title="bbox 722 2653 2939 2750; baseline -0.005 -18"><span class='ocrx_word' id='word_1_136' title='bbox 722 2653 984 2750; x_wconf 87' lang='grc' dir='ltr'><strong><em>σχοιτ’.</em></strong></span> <span class='ocrx_word' id='word_1_137' title='bbox 1092 2656 1187 2725; x_wconf 90' lang='lat' dir='ltr'><strong>Et</strong></span> <span class='ocrx_word' id='word_1_138' title='bbox 1231 2657 1379 2749; x_wconf 89' lang='lat' dir='ltr'><strong>quis</strong></span> <span class='ocrx_word' id='word_1_139' title='bbox 1423 2676 1563 2726; x_wconf 90' lang='lat' dir='ltr'><strong>uon</strong></span> <span class='ocrx_word' id='word_1_140' title='bbox 1604 2656 1948 2727; x_wconf 76' lang='lat' dir='ltr'><strong>verissime</strong></span> <span class='ocrx_word' id='word_1_141' title='bbox 1993 2655 2388 2726; x_wconf 87' lang='lat' dir='ltr'><strong>emendasse</strong></span> <span class='ocrx_word' id='word_1_142' title='bbox 2438 2656 2723 2725; x_wconf 86' lang='lat' dir='ltr'><strong>Portum</strong></span> <span class='ocrx_word' id='word_1_143' title='bbox 2773 2676 2939 2722; x_wconf 88' lang='lat' dir='ltr'><strong>cou-</strong></span> 
     </span>
    </p>
   </div>
   <div class='ocr_carea' id='block_1_7' title="bbox 718 2761 1117 2831">
    <p class='ocr_par' dir='ltr' id='par_1_8' title="bbox 718 2761 1117 2831">
     <span class='ocr_line' id='line_1_20' title="bbox 718 2761 1117 2831; baseline -0.003 0"><span class='ocrx_word' id='word_1_144' title='bbox 718 2761 969 2831; x_wconf 83' lang='lat' dir='ltr'><strong>cedat?</strong></span> <span class='ocrx_word' id='word_1_145' title='bbox 1114 2786 1117 2787; x_wconf 46' lang='lat'><em>⁷</em></span> 
     </span>
    </p>
   </div>
   <div class='ocr_carea' id='block_1_8' title="bbox 714 2891 2932 3088">
    <p class='ocr_par' dir='ltr' id='par_1_9' title="bbox 714 2891 2932 3088">
     <span class='ocr_line' id='line_1_21' title="bbox 917 2891 2932 2989; baseline -0.002 -23"><span class='ocrx_word' id='word_1_146' title='bbox 917 2896 1007 2966; x_wconf 90' lang='lat'><strong>11.</strong></span> <span class='ocrx_word' id='word_1_147' title='bbox 1078 2893 1262 2989; x_wconf 84' lang='lat' dir='ltr'><strong>(X.)</strong></span> <span class='ocrx_word' id='word_1_148' title='bbox 1329 2893 1412 2963; x_wconf 86' lang='lat' dir='ltr'><strong>Iu</strong></span> <span class='ocrx_word' id='word_1_149' title='bbox 1451 2893 1754 2963; x_wconf 89' lang='lat' dir='ltr'><strong>Hercule</strong></span> <span class='ocrx_word' id='word_1_150' title='bbox 1782 2893 2046 2963; x_wconf 76' lang='lat' dir='ltr'><strong>fiireute</strong></span> <span class='ocrx_word' id='word_1_151' title='bbox 2092 2917 2305 2986; x_wconf 88' lang='lat' dir='ltr'><strong>quum</strong></span> <span class='ocrx_word' id='word_1_152' title='bbox 2342 2894 2516 2963; x_wconf 88' lang='lat' dir='ltr'><strong>mori</strong></span> <span class='ocrx_word' id='word_1_153' title='bbox 2559 2891 2932 2962; x_wconf 80' lang='lat' dir='ltr'><strong>constituis·-</strong></span> 
     </span>
     <span class='ocr_line' id='line_1_22' title="bbox 714 2992 2669 3088; baseline -0.004 -16"><span class='ocrx_word' id='word_1_154' title='bbox 714 3010 819 3072; x_wconf 89' lang='lat' dir='ltr'><strong>set</strong></span> <span class='ocrx_word' id='word_1_155' title='bbox 841 2999 1213 3087; x_wconf 88' lang='lat' dir='ltr'><strong>Hercules,</strong></span> <span class='ocrx_word' id='word_1_156' title='bbox 1264 2998 1357 3066; x_wconf 88' lang='lat' dir='ltr'><strong>ita</strong></span> <span class='ocrx_word' id='word_1_157' title='bbox 1391 2997 1797 3088; x_wconf 86' lang='lat' dir='ltr'><strong>colloquitur</strong></span> <span class='ocrx_word' id='word_1_158' title='bbox 1840 3021 1996 3067; x_wconf 87' lang='lat' dir='ltr'><strong>cum</strong></span> <span class='ocrx_word' id='word_1_159' title='bbox 2028 2999 2307 3068; x_wconf 86' lang='lat' dir='ltr'><strong>Theseo</strong></span> <span class='ocrx_word' id='word_1_160' title='bbox 2337 3020 2406 3072; x_wconf 68' lang='lat' dir='ltr'><strong>V.</strong></span> <span class='ocrx_word' id='word_1_161' title='bbox 2443 2992 2669 3065; x_wconf 77' lang='lat'>1253.</span> 
     </span>
    </p>
   </div>
   <div class='ocr_carea' id='block_1_9' title="bbox 711 3147 2926 3622">
    <p class='ocr_par' dir='ltr' id='par_1_10' title="bbox 711 3147 2926 3622">
     <span class='ocr_line' id='line_1_23' title="bbox 1024 3147 2702 3248; baseline -0.003 -22"><span class='ocrx_word' id='word_1_162' title='bbox 1024 3147 1173 3228; x_wconf 80' lang='grc' dir='ltr'><strong><em>οἵδ’</em></strong></span> <span class='ocrx_word' id='word_1_163' title='bbox 1202 3148 1413 3226; x_wconf 73' lang='grc' dir='ltr'><strong><em>οὐδὲν</em></strong></span> <span class='ocrx_word' id='word_1_164' title='bbox 1462 3148 1830 3248; x_wconf 66' lang='grc' dir='ltr'><strong>ὠφελοῦσί</strong></span> <span class='ocrx_word' id='word_1_165' title='bbox 1864 3147 1955 3245; x_wconf 85' lang='grc' dir='ltr'><strong>μ’</strong></span> <span class='ocrx_word' id='word_1_166' title='bbox 1985 3147 2147 3226; x_wconf 71' lang='grc' dir='ltr'><strong><em>ἀλλ’</em></strong></span> <span class='ocrx_word' id='word_1_167' title='bbox 2178 3149 2396 3247; x_wconf 70' lang='lat' dir='ltr'>‘&#39;Hpoe</span> <span class='ocrx_word' id='word_1_168' title='bbox 2429 3155 2702 3248; x_wconf 71' lang='grc' dir='ltr'><strong>κρατεῖ.</strong></span> 
     </span>
     <span class='ocr_line' id='line_1_24' title="bbox 821 3265 2776 3370; baseline -0.002 -21"><span class='ocrx_word' id='word_1_169' title='bbox 821 3277 910 3349; x_wconf 84' lang='grc' dir='ltr'><strong>Θ.</strong></span> <span class='ocrx_word' id='word_1_170' title='bbox 1015 3267 1147 3347; x_wconf 77' lang='grc' dir='ltr'><strong>οὐκ</strong></span> <span class='ocrx_word' id='word_1_171' title='bbox 1191 3270 1284 3347; x_wconf 83' lang='grc' dir='ltr'><strong><em>άν</em></strong></span> <span class='ocrx_word' id='word_1_172' title='bbox 1323 3267 1396 3346; x_wconf 86' lang='grc' dir='ltr'><strong>σ’</strong></span> <span class='ocrx_word' id='word_1_173' title='bbox 1428 3265 1830 3364; x_wconf 71' lang='grc' dir='ltr'><strong><em>ἀνάσχοιθ’</em></strong></span> <span class='ocrx_word' id='word_1_174' title='bbox 1855 3266 2116 3355; x_wconf 75' lang='grc' dir='ltr'><strong><em>Ἑλλάς</em></strong></span> <span class='ocrx_word' id='word_1_175' title='bbox 2161 3269 2459 3370; x_wconf 77' lang='grc' dir='ltr'><strong><em>άμαθίᾳ</em></strong></span> <span class='ocrx_word' id='word_1_176' title='bbox 2493 3276 2776 3345; x_wconf 83' lang='grc' dir='ltr'><strong><em>θανεῖν.</em></strong></span> 
     </span>
     <span class='ocr_line' id='line_1_25' title="bbox 711 3426 2926 3515; baseline -0.002 -18"><span class='ocrx_word' id='word_1_177' title='bbox 711 3427 829 3497; x_wconf 85' lang='lat' dir='ltr'><strong>Sic</strong></span> <span class='ocrx_word' id='word_1_178' title='bbox 870 3426 1232 3495; x_wconf 87' lang='lat' dir='ltr'><strong>Barnesius</strong></span> <span class='ocrx_word' id='word_1_179' title='bbox 1248 3477 1270 3513; x_wconf 87' lang='lat'>‚</span> <span class='ocrx_word' id='word_1_180' title='bbox 1323 3427 1924 3515; x_wconf 87' lang='lat' dir='ltr'><strong>consentientibus,</strong></span> <span class='ocrx_word' id='word_1_181' title='bbox 1975 3436 2052 3496; x_wconf 90' lang='lat' dir='ltr'><strong>ut</strong></span> <span class='ocrx_word' id='word_1_182' title='bbox 2089 3426 2426 3495; x_wconf 85' lang='lat' dir='ltr'><strong>Matthiae</strong></span> <span class='ocrx_word' id='word_1_183' title='bbox 2467 3426 2697 3495; x_wconf 90' lang='lat' dir='ltr'><strong>nescio</strong></span> <span class='ocrx_word' id='word_1_184' title='bbox 2728 3448 2814 3493; x_wconf 89' lang='lat' dir='ltr'><strong>an</strong></span> <span class='ocrx_word' id='word_1_185' title='bbox 2846 3447 2926 3493; x_wconf 81' lang='lat' dir='ltr'><strong>ex</strong></span> 
     </span>
     <span class='ocr_line' id='line_1_26' title="bbox 712 3527 2920 3622; baseline -0.001 -23"><span class='ocrx_word' id='word_1_186' title='bbox 712 3531 1165 3622; x_wconf 87' lang='lat' dir='ltr'><strong>comparantis</strong></span> <span class='ocrx_word' id='word_1_187' title='bbox 1217 3529 1477 3599; x_wconf 88' lang='lat' dir='ltr'><strong>silentio</strong></span> <span class='ocrx_word' id='word_1_188' title='bbox 1521 3530 1734 3600; x_wconf 86' lang='lat' dir='ltr'><strong>refert</strong></span> <span class='ocrx_word' id='word_1_189' title='bbox 1747 3582 1767 3618; x_wconf 91' lang='lat'>‚</span> <span class='ocrx_word' id='word_1_190' title='bbox 1850 3531 2051 3602; x_wconf 90' lang='lat' dir='ltr'><strong>codd.</strong></span> <span class='ocrx_word' id='word_1_191' title='bbox 2103 3530 2526 3599; x_wconf 86' lang='lat' dir='ltr'><strong>Florentinis.</strong></span> <span class='ocrx_word' id='word_1_192' title='bbox 2643 3529 2723 3598; x_wconf 86' lang='lat' dir='ltr'><strong>In</strong></span> <span class='ocrx_word' id='word_1_193' title='bbox 2771 3527 2920 3597; x_wconf 84' lang='lat' dir='ltr'><strong>edd.</strong></span> 
     </span>
    </p>
   </div>
   <div class='ocr_carea' id='block_1_10' title="bbox 705 3624 2922 3831">
    <p class='ocr_par' dir='ltr' id='par_1_11' title="bbox 705 3624 2922 3831">
     <span class='ocr_line' id='line_1_27' title="bbox 706 3624 2922 3737; baseline -0.002 -33"><span class='ocrx_word' id='word_1_194' title='bbox 706 3642 867 3704; x_wconf 76' lang='lat' dir='ltr'><strong>vett.</strong></span> <span class='ocrx_word' id='word_1_195' title='bbox 919 3634 1112 3704; x_wconf 86' lang='lat' dir='ltr'><strong>abest</strong></span> <span class='ocrx_word' id='word_1_196' title='bbox 1153 3628 1249 3707; x_wconf 79' lang='grc' dir='ltr'><strong>α’.</strong></span> <span class='ocrx_word' id='word_1_197' title='bbox 1344 3624 1449 3703; x_wconf 82' lang='lat' dir='ltr'><strong>&#39;Et</strong></span> <span class='ocrx_word' id='word_1_198' title='bbox 1486 3633 1601 3702; x_wconf 89' lang='lat' dir='ltr'><strong>hic</strong></span> <span class='ocrx_word' id='word_1_199' title='bbox 1640 3634 1915 3725; x_wconf 87' lang='lat' dir='ltr'><strong>quidem</strong></span> <span class='ocrx_word' id='word_1_200' title='bbox 1968 3635 2168 3704; x_wconf 89' lang='lat' dir='ltr'><strong>etiam</strong></span> <span class='ocrx_word' id='word_1_201' title='bbox 2221 3632 2672 3704; x_wconf 87' lang='lat' dir='ltr'><strong>necessarium</strong></span> <span class='ocrx_word' id='word_1_202' title='bbox 2721 3631 2922 3737; x_wconf 68' lang='lat' dir='ltr'><strong>vide--⁸</strong></span> 
     </span>
     <span class='ocr_line' id='line_1_28' title="bbox 705 3735 2918 3831; baseline 0 -27"><span class='ocrx_word' id='word_1_203' title='bbox 705 3745 835 3804; x_wconf 81' lang='lat' dir='ltr'><strong>tur·</strong></span> <span class='ocrx_word' id='word_1_204' title='bbox 862 3759 1240 3828; x_wconf 91' lang='lat' dir='ltr'><strong>pronomen</strong></span> <span class='ocrx_word' id='word_1_205' title='bbox 1255 3791 1277 3831; x_wconf 87' lang='lat'><strong>,</strong></span> <span class='ocrx_word' id='word_1_206' title='bbox 1325 3747 1403 3808; x_wconf 90' lang='lat' dir='ltr'><strong>ut</strong></span> <span class='ocrx_word' id='word_1_207' title='bbox 1442 3738 1531 3807; x_wconf 91' lang='lat' dir='ltr'><strong>de</strong></span> <span class='ocrx_word' id='word_1_208' title='bbox 1566 3738 1847 3809; x_wconf 81' lang='lat' dir='ltr'><strong>veritate</strong></span> <span class='ocrx_word' id='word_1_209' title='bbox 1889 3736 2373 3823; x_wconf 86' lang='lat' dir='ltr'><strong>emendationis</strong></span> <span class='ocrx_word' id='word_1_210' title='bbox 2416 3759 2557 3806; x_wconf 90' lang='lat' dir='ltr'><strong>non</strong></span> <span class='ocrx_word' id='word_1_211' title='bbox 2603 3737 2685 3806; x_wconf 89' lang='lat' dir='ltr'><strong>sit</strong></span> <span class='ocrx_word' id='word_1_212' title='bbox 2724 3735 2918 3805; x_wconf 88' lang='lat' dir='ltr'><strong>dubi·</strong></span> 
     </span>
    </p>
   </div>
   <div class='ocr_carea' id='block_1_11' title="bbox 701 3839 2704 4369">
    <p class='ocr_par' dir='ltr' id='par_1_12' title="bbox 701 3839 2704 4369">
     <span class='ocr_line' id='line_1_29' title="bbox 701 3839 1008 3914; baseline 0.02 -6"><span class='ocrx_word' id='word_1_213' title='bbox 701 3839 1008 3914; x_wconf 87' lang='lat' dir='ltr'><strong>tandum.</strong></span> 
     </span>
     <span class='ocr_line' id='line_1_30' title="bbox 909 3971 2271 4071; baseline 0.004 -25"><span class='ocrx_word' id='word_1_214' title='bbox 909 3976 1030 4047; x_wconf 88' lang='lat'>111.</span> <span class='ocrx_word' id='word_1_215' title='bbox 1085 3977 1303 4071; x_wconf 80' lang='lat' dir='ltr'><strong>(xl.)</strong></span> <span class='ocrx_word' id='word_1_216' title='bbox 1352 3979 1432 4047; x_wconf 90' lang='lat' dir='ltr'><strong>Iu</strong></span> <span class='ocrx_word' id='word_1_217' title='bbox 1459 3977 1703 4049; x_wconf 88' lang='lat' dir='ltr'><strong>eadem</strong></span> <span class='ocrx_word' id='word_1_218' title='bbox 1732 3976 1968 4048; x_wconf 82' lang='lat' dir='ltr'><strong>fabula</strong></span> <span class='ocrx_word' id='word_1_219' title='bbox 1996 3999 2060 4051; x_wconf 78' lang='lat' dir='ltr'><strong>v,</strong></span> <span class='ocrx_word' id='word_1_220' title='bbox 2094 3971 2271 4052; x_wconf 82' lang='lat'>185.</span> 
     </span>
     <span class='ocr_line' id='line_1_31' title="bbox 1014 4127 2704 4231; baseline -0.001 -26"><span class='ocrx_word' id='word_1_221' title='bbox 1014 4128 1316 4228; x_wconf 81' lang='grc' dir='ltr'><strong><em>Δίρφυν</em></strong></span> <span class='ocrx_word' id='word_1_222' title='bbox 1350 4127 1427 4206; x_wconf 90' lang='grc' dir='ltr'><strong>τ’</strong></span> <span class='ocrx_word' id='word_1_223' title='bbox 1453 4132 1741 4229; x_wconf 71' lang='grc' dir='ltr'><strong><em>ἐρωτῶν</em></strong></span> <span class='ocrx_word' id='word_1_224' title='bbox 1771 4129 1821 4230; x_wconf 81' lang='grc' dir='ltr'><strong><em>ἦ</em></strong></span> <span class='ocrx_word' id='word_1_225' title='bbox 1857 4127 1928 4205; x_wconf 80' lang='lat' dir='ltr'><strong>o&#39;</strong></span> <span class='ocrx_word' id='word_1_226' title='bbox 1957 4127 2228 4231; x_wconf 79' lang='grc' dir='ltr'><strong><em>ἔθρεψ’</em></strong></span> <span class='ocrx_word' id='word_1_227' title='bbox 2255 4127 2704 4226; x_wconf 79' lang='grc' dir='ltr'><strong><em>Ἀβαντίδα,</em></strong></span> 
     </span>
     <span class='ocr_line' id='line_1_32' title="bbox 1018 4253 1864 4369; baseline -0.006 -43"><span class='ocrx_word' id='word_1_228' title='bbox 1018 4278 1148 4326; x_wconf 76' lang='grc' dir='ltr'><strong>ουκ</strong></span> <span class='ocrx_word' id='word_1_229' title='bbox 1184 4278 1277 4325; x_wconf 89' lang='grc' dir='ltr'><strong><em>αν</em></strong></span> <span class='ocrx_word' id='word_1_230' title='bbox 1312 4277 1356 4324; x_wconf 79' lang='lat' dir='ltr'><strong>o</strong></span> <span class='ocrx_word' id='word_1_231' title='bbox 1400 4253 1864 4369; x_wconf 57' lang='grc' dir='ltr'><strong><em>εαξαινέσειεν.</em></strong></span> 
     </span>
    </p>
   </div>
   <div class='ocr_carea' id='block_1_12' title="bbox 704 4403 2908 4603">
    <p class='ocr_par' dir='ltr' id='par_1_13' title="bbox 704 4403 2908 4603">
     <span class='ocr_line' id='line_1_33' title="bbox 704 4403 2908 4494; baseline -0.002 -18"><span class='ocrx_word' id='word_1_232' title='bbox 704 4405 822 4476; x_wconf 86' lang='lat' dir='ltr'><strong>Sic</strong></span> <span class='ocrx_word' id='word_1_233' title='bbox 866 4429 1022 4476; x_wconf 89' lang='lat' dir='ltr'><strong>cum</strong></span> <span class='ocrx_word' id='word_1_234' title='bbox 1063 4404 1392 4475; x_wconf 90' lang='lat' dir='ltr'><strong>Barnesio</strong></span> <span class='ocrx_word' id='word_1_235' title='bbox 1441 4405 1656 4475; x_wconf 89' lang='lat' dir='ltr'><strong>edidit</strong></span> <span class='ocrx_word' id='word_1_236' title='bbox 1698 4403 2033 4476; x_wconf 87' lang='lat' dir='ltr'><strong>Matthiae</strong></span> <span class='ocrx_word' id='word_1_237' title='bbox 2049 4459 2070 4494; x_wconf 82' lang='lat'>,</span> <span class='ocrx_word' id='word_1_238' title='bbox 2136 4407 2382 4476; x_wconf 88' lang='lat' dir='ltr'><strong>oblitus</strong></span> <span class='ocrx_word' id='word_1_239' title='bbox 2431 4405 2658 4476; x_wconf 89' lang='lat' dir='ltr'><strong>dicere</strong></span> <span class='ocrx_word' id='word_1_240' title='bbox 2715 4403 2908 4474; x_wconf 83' lang='lat' dir='ltr'><strong>Reis—</strong></span> 
     </span>
     <span class='ocr_line' id='line_1_34' title="bbox 704 4510 2906 4603; baseline -0 -25"><span class='ocrx_word' id='word_1_241' title='bbox 704 4510 893 4579; x_wconf 86' lang='lat' dir='ltr'><strong>kium</strong></span> <span class='ocrx_word' id='word_1_242' title='bbox 932 4532 1211 4603; x_wconf 89' lang='lat' dir='ltr'><strong>quoque</strong></span> <span class='ocrx_word' id='word_1_243' title='bbox 1270 4511 1365 4581; x_wconf 92' lang='lat' dir='ltr'><strong>sic</strong></span> <span class='ocrx_word' id='word_1_244' title='bbox 1416 4510 1618 4581; x_wconf 89' lang='lat' dir='ltr'><strong>scribi</strong></span> <span class='ocrx_word' id='word_1_245' title='bbox 1667 4512 1967 4600; x_wconf 85' lang='lat' dir='ltr'><strong>iussisse,</strong></span> <span class='ocrx_word' id='word_1_246' title='bbox 2030 4513 2100 4580; x_wconf 89' lang='lat' dir='ltr'><strong>in</strong></span> <span class='ocrx_word' id='word_1_247' title='bbox 2145 4510 2304 4580; x_wconf 90' lang='lat' dir='ltr'><strong>edd.</strong></span> <span class='ocrx_word' id='word_1_248' title='bbox 2355 4510 2646 4602; x_wconf 81' lang='lat' dir='ltr'><strong>antiquis</strong></span> <span class='ocrx_word' id='word_1_249' title='bbox 2692 4518 2906 4580; x_wconf 86' lang='lat' dir='ltr'><strong>autem</strong></span> 
     </span>
    </p>
   </div>
  </div>
 </body>
</html>
