3259 5275
796 427 923 491 274
1064 420 1179 482 DE
1222 417 1699 488 AESCHYLI
1744 416 2325 478 PROMETHEO
2370 416 2745 478 SOLVTO

796 617 865 683 in
900 612 1075 681 libro
1108 610 1197 680 de
1238 631 1396 679 aere
1424 609 1592 681 iocis
1636 618 1706 676 et
1740 608 1978 697 aquis,
2026 609 2172 729 ’qui’
2178 630 2389 698 quum
2427 631 2500 699 Ρ.
2539 606 2715 695 291,
2748 605 2874 680 49.
2909 608 2997 677 de

799 715 1082 808 Scythia
1124 713 1410 799 scribat,
1470 717 1706 785 κεῖται
1736 737 1876 805 γαρ
1914 707 2044 782 υπ’
2079 707 2333 833 αιὶταῖς
2366 716 2527 791 ταῖς
2557 710 2853 804 ἄρκτοις
2885 712 2998 783 καὶ

801 826 955 901 τοῖς
980 817 1183 914 ὄρεσι
1212 822 1366 896 τοῖς
1386 763 1866 902 ²Pmoea'omw,
1921 811 2103 885 ὅθεν
2135 812 2176 887 ὁ
2206 815 2467 911 βορέης
2497 818 2720 902 πνέει,
2770 815 3001 906 paullo

804 932 996 1009 ante,
1045 943 1108 990 v.
1136 919 1259 988 41.
1291 918 1487 987 dicit·
1542 913 1756 989 αὐτοὶ
1783 912 1853 989 δ
1886 916 2220 989 ἐσθίουσι
2249 918 2428 1013 κρέα
2461 909 2688 1011 ἑφθά,
2739 917 2864 988 καὶ
2890 917 3001 988 πί-

804 1050 1015 1099 νουσι
1038 1016 1291 1117 γάλα“’
1252 1048 1514 1110 enatans,
1555 1017 1673 1091 καὶ
1699 1010 2014 1107 Imaum
2040 1043 2435 1115 τρωγουσι·
2489 1020 2713 1093 τοῦτο
2744 1016 2815 1092 δ’
2849 1021 3004 1096 ἐστὶ

805 1121 1023 1222 τυρός
1068 1132 1341 1198 ἵππων·
1415 1145 1553 1191 non
1596 1121 1913 1191 dissimile
1964 1123 2102 1190 veri
2145 1121 2520 1213 videbitur,
2572 1123 2776 1190 etiam
2820 1122 3007 1215 apud

806 1228 1225 1320 Aeschylum
1274 1226 1450 1295 haec
1504 1226 1857 1294 coniuncta
1910 1224 2149 1313 fuisse,
2226 1225 2315 1293 de
2360 1248 2499 1316 quo
2555 1225 2810 1294 Strabo
2859 1226 3006 1294 Vll.

803 1356 875 1425 p.
907 1331 1078 1401 3⁰0.
1130 1329 1249 1402 καὶ
1273 1322 1635 1420 Αἰσχύλος
1662 1324 1734 1401 δ’
1766 1328 2106 1423 ἐμφαίνει
2133 1327 2543 1427 συνηγορῶν
2573 1329 2680 1423 τῷ
2708 1328 3009 1427 ποιητῇ..

807 1428 1040 1532 φήσας
1062 1431 1225 1529 περὶ
1249 1432 1396 1506 τῶν
1428 1429 1780 1508 Σκυθων·

1013 1581 1179 1660 α’λλ
1208 1576 1514 1681 ἱππάκης
1546 1584 1912 1681 βρωτῆρες
1941 1580 2243 1704 εὔνομοι
2271 1575 2596 1692 Emi-91:13

807 1741 1113 1834 Egregie
1150 1740 1248 1808 ita
1290 1737 1641 1861 vulgatum
1681 1735 1970 1856 ἱππικῆς
2004 1735 2313 1833 βοτῆρες
2340 1735 2723 1806 emendavit
2748 1734 3013 1806 Casuu-

804 1845 1042 1913 bonus.
1139 1834 1514 1938 ’Ῑπποῖκην,
1563 1831 1943 1913 Ennomon
1978 1838 2303 1935 stempas
2337 1862 2422 1908 ex
2451 1841 2647 1912 Aelio
2682 1839 3014 1932 Dionysio

806 1946 1206 2016 memoravit
1235 1942 1622 2012 Eustathius
1649 1940 1929 2034 Ρ.916,
1968 1940 2082 2012 16.
2134 1941 2343 2031 (880,
2379 1940 2540 2035 52.)

1015 2048 1140 2122 ln
1123 2048 1200 2116 lis
1213 2098 1235 2136 ‚
1288 2069 1465 2136 quae
1503 2045 1825 2138 deinceps
1861 2045 2302 2114 narrabantur
2316 2100 2338 2137 ‚
2388 2068 2628 2139 pugna
2666 2066 3008 2114 memora—

809 2155 1010 2224 batur
1036 2149 1387 2220 subeunda
1409 2149 1690 2218 Herculi
1725 2171 1882 2218 cum
1910 2149 2306 2241 Liguribus:
2357 2149 2447 2218 de
2467 2172 2624 2240 -qua
2647 2159 3015 2239 antequam

816 2258 1147 2327 diceretur
1161 2303 1182 2339 ,
1235 2277 1318 2323 ea
1366 2252 1769 2321 crediderim
1818 2252 2040 2345 posita
2079 2252 2284 2321 fuisse
2298 2303 2320 2340 ‚
2371 2276 2546 2343 quae
2598 2251 2907 2321 Galenus
2947 2255 3015 2321 in

814 2382 1058 2429 comm.
1076 2358 1294 2451 prima
1324 2356 1414 2424 ad
1438 2356 1782 2448 Hippocr.
1811 2355 2130 2448 Epidem.
2160 2355 2276 2424 Vl.
2305 2378 2379 2447 Ρ.
2404 2354 2580 2444 454,
2605 2353 2728 2430 56.
2762 2356 2899 2424 vol.
2928 2355 3013 2424 V.

815 2463 925 2533 ed.
966 2462 1124 2531 Bas.
1175 2459 1429 2551 (xvll.
1470 2482 1541 2552 Ρ.
1587 2458 1763 2528 879.
1801 2458 1908 2527 ed.
1938 2459 2160 2551 Lips.)
2212 2458 2447 2546 affert,
2499 2460 2555 2528 si
2595 2459 2710 2540 illa
2741 2468 2904 2528 sunt
2930 2480 3017 2528 ex

814 2566 1055 2639 Soluto
1099 2562 1512 2632 Prometheo
1538 2563 1751 2656 petita
1764 2615 1784 2650 ‚
1848 2570 1924 2630 ut
1953 2563 2175 2656 primo
2205 2562 2296 2631 H.
2336 2561 2691 2656 Stephano
2733 2561 2827 2630 ad
2867 2563 3017 2631 Ae·-

817 2667 1132 2761 schylum
1158 2691 1229 2761 Ρ.
1265 2663 1438 2734 356.
1483 2666 1732 2747 deinde
1772 2664 2211 2751 Casaubono,
2261 2666 2572 2736 Bentleio
2587 2716 2608 2756 ‚
2661 2676 2731 2734 et
2765 2667 3021 2758 pleris-

817 2795 951 2864 que
987 2770 1128 2840 aliis
1162 2769 1381 2839 visum
1413 2778 1534 2855 est,
1586 2792 1742 2857 non,
1791 2793 1999 2859 quem
2026 2769 2326 2839 nominat
2354 2769 2673 2856 Galenus,
2726 2791 2814 2838 ex
2841 2769 3020 2838 vin-

817 2885 948 2945 cto.
1052 2874 1367 2942 Vinctum
1402 2881 1587 2941 recte
1623 2872 2042 2943 nominatum
2065 2872 2407 2942 iudicabat
2442 2873 2543 2942 vir
2568 2872 2850 2963 quidam
2888 2872 3020 2942 do-

752 3012 755 3017 ·
818 2968 997 3066 ctus,
1045 2985 1123 3045 ut
1166 2985 1324 3046 ante
1361 2976 1607 3045 multos
1657 2999 1865 3045 annos
1911 2999 1955 3044 a
1993 2976 2108 3046 Fr.
2150 2977 2331 3069 Aug.
2370 2975 2624 3045 Wolfio
2667 2976 3022 3069 accepisse

819 3080 1118 3151 memini.
1166 3079 1385 3150 videri
1414 3080 1589 3159 enim
1621 3078 2035 3149 intercidisse
2062 3101 2292 3148 versus
2325 3080 2475 3148 illos
2506 3102 2662 3149 cum
2694 3081 3020 3172 complu-

818 3184 999 3267 ribus
1038 3183 1178 3252 aliis
1216 3184 1391 3252 inter
1418 3205 1485 3255 v.
1520 3180 1693 3251 wo.
1745 3192 1816 3250 et
1855 3181 2025 3252 791.
2074 3181 2187 3255 ed.
2233 3182 2500 3251 steni.
2543 3181 2815 3252 Eadem
2853 3182 3024 3252 mihi

819 3309 1115 3380 quoque
1132 3286 1416 3356 subnata
1456 3285 1680 3354 fuerat
1708 3284 2031 3377 suspicio,
2083 3285 2269 3376 quod
2300 3285 2379 3354 Io
2410 3306 2539 3377 per
2570 3288 2889 3379 regiones
2918 3310 3022 3356 se·

816 3389 1317 3483 ptemtrionales
1347 3399 1417 3458 et
1445 3388 1937 3458 occidentales
1918 3412 2000 3456 ιιι·
2012 3388 2304 3482 Libyam
2323 3399 2730 3481 perventura
2749 3389 3024 3460 dicere-

696 3490 715 3510 *
820 3503 948 3566 tur.
1014 3494 1121 3562 Ac
1153 3515 1246 3575 ne
1277 3492 1488 3561 hodie
1518 3491 1791 3583 quidem
1822 3500 2042 3560 utrum
2071 3490 2320 3560 horum
2342 3513 2578 3561 verum
2601 3516 2758 3562 esse
2795 3492 3024 3563 dicam

819 3597 977 3665 scio.
1078 3597 1318 3666 Neutri
1364 3596 1541 3663 enim
1586 3595 1952 3664 sententiae
1983 3595 2176 3664 deest
2199 3648 2219 3685 ‚
2272 3595 2458 3685 quod
2499 3619 2653 3664 eam
2692 3598 2869 3665 tueri
2915 3598 3021 3665 vi-

822 3697 1060 3768 deatur
1079 3747 1099 3784 ‚
1152 3699 1351 3768 etiam
1379 3698 1434 3767 si
1462 3696 1625 3766 nihil
1653 3697 2018 3767 tribuamus
2048 3697 2282 3767 addito
2311 3700 2727 3791 cognomini,
2771 3699 2846 3768 in
2880 3722 3023 3790 quo

821 3803 931 3870 vel
958 3803 1111 3893 ipse
1144 3800 1445 3870 Galenus
1472 3801 1581 3870 vel
1613 3801 1867 3870 librarii
1895 3825 2117 3871 errare
2140 3811 2521 3895 potuerunt.
2597 3804 2783 3872 Nam
2809 3825 3022 3894 quum

820 3905 891 3973 in
930 3904 1057 3972 iuis
1094 3903 1488 3997 fragmentis
1502 3954 1522 3991 ‚
1576 3903 1871 3995 quisquis
1914 3906 1970 3973 is
2012 3914 2149 3991 est,
2201 3907 2474 3995 quicum
2512 3906 2811 3997 loquitur
2840 3909 3022 3976 Pro-

822 4006 1152 4091 metheus,
1202 4008 1355 4077 loca
1378 4016 1581 4076 vento
1613 4008 1839 4076 Borea
1873 4008 2117 4078 infesta
2141 4007 2437 4077 aditurus
2467 4007 2746 4094 dicatur,
2801 4032 3023 4100 aeque

821 4109 896 4179 id
923 4118 992 4178 et
1023 4110 1092 4177 in
1131 4110 1309 4180 Iouis
1350 4120 1420 4179 et
1455 4110 1521 4178 in
1560 4110 1872 4180 Herculis
1914 4132 2274 4204 personam
2318 4112 2516 4181 cadit.
2620 4113 2698 4181 Io
2742 4113 3022 4204 quidem

824 4236 1045 4306 nuper
1070 4213 1210 4282 visa
1243 4224 1344 4282 est
1364 4225 1510 4305 -p‘er
1543 4214 1865 4282 orientem
1891 4215 1961 4282 in
1988 4215 2279 4306 Libyam
2314 4216 2577 4284 venire:
2632 4239 2840 4307 quam
2863 4239 3022 4285 sen-

822 4318 1097 4386 tentiam
1125 4318 1474 4386 novissime
1508 4315 1813 4386 defendit
1852 4319 2279 4410 Reinganum
2305 4320 2373 4387 in
2399 4318 2613 4387 Iahnii
2645 4321 3020 4405 annalibuS,

727 4422 827 4492 28
841 4420 964 4490 sed
992 4421 1068 4490 iis
1096 4422 1523 4516 argumentiS,
1569 4420 1810 4510 quibus
1840 4431 1916 4489 ut
1939 4421 2106 4489 falsa
2133 4424 2355 4515 potius
2386 4436 2595 4512 quam
2620 4447 2784 4494 vera
2808 4422 3022 4491 videri
