3259 5275
999 470 1176 533 LIB.
1220 470 1297 534 ΙΙ.
1387 469 1589 532 cAP.
1630 474 1736 571 8.x
2344 479 2469 543 lm

267 666 588 738 caeterae
622 661 939 733 lectiones
973 662 1307 732 debentur
1345 660 1858 733 correctoribus,
1928 662 2139 748 Quod
2178 666 2233 733 si
2274 688 2465 734 com-

261 794 496 864 parare
531 768 679 860 quis
709 766 894 834 volet
939 767 1289 863 exempla,
1339 766 1411 834 in
1438 766 1679 856 quibus
1728 764 1895 859 πρὶν
1941 767 2158 834 solum
2198 777 2267 836 et
2298 768 2468 861 πρὶν

262 875 355 946 ἄν
391 871 571 966 apud
609 871 903 963 tragicos
949 879 1019 939 et
1052 869 1574 961 Aristophanem
1619 870 1971 961 leguntur,
2021 892 2197 956 quae
2230 870 2467 938 sedulo

258 987 484 1045 notata
515 974 705 1043 dedit
734 973 1091 1042 Elmsleius
1117 972 1205 1040 ad
1240 971 1563 1042 Medeam
1605 994 1681 1063 p.
1720 970 1889 1039 119.
1922 971 2121 1040 facile
2163 973 2467 1042 animad-

258 1089 490 1166 vertet,
543 1078 660 1147 ubi
694 1075 786 1148 ἄν
815 1075 1117 1147 additum
1147 1085 1268 1165 est,
1323 1098 1591 1167 semper
1622 1073 1872 1164 aliquid
1905 1076 2137 1143 incerti
2169 1077 2463 1161 subesse.

256 1206 318 1251 v.
359 1184 647 1359 ί«ςιὸθίιιΑ
649 1179 1014 1271 Sophoclis
1078 1175 1359 1271 Ἀχαιῶ
1361 1207 1398 1253 ν
1468 1175 1784 1273 συλλόγῳ
1843 1200 1952 1270 ap.
2015 1178 2260 1250 Athen.
2315 1182 2462 1250 XV.

257 1309 332 1379 1>-

357 1445 695 1537 φορεῖτε,
745 1438 1083 1533 μασσέτω
1117 1463 1258 1527 τις,
1312 1435 1601 1531 ἐγχείτω
1630 1435 1882 1532 βαθῦν

354 1544 704 1641 κρητῆρι
759 1539 881 1616 ὅδ’
917 1535 1143 1664 ὁὶνήρ
1138 1566 1224 1615 ου
1256 1540 1424 1638 πρὶν
1457 1570 1548 1615 αν
1581 1534 1776 1637 φάγῃ
1808 1541 2073 1632 καλως,

356 1645 580 1720 ὁποῖα
618 1644 734 1718 καὶ
759 1644 933 1739 βοῦς
968 1637 1306 1743 ἐργάτης,
1355 1637 1750 1741 ἐργαζεται.

254 1801 317 1868 Ν
318 1821 408 1869 on
451 1810 556 1868 est
592 1800 769 1868 enim
805 1798 893 1866 de
933 1799 1272 1890 praesenti
1304 1809 1558 1868 tantum
1593 1810 1904 1893 tempore
1930 1800 2248 1891 loquutus
2271 1848 2293 1887 ,
2344 1800 2468 1869 sed

253 1904 598 1972 universet
650 1902 770 1971 hic
805 1902 1020 1970 homo
1055 1924 1200 1971 non
1233 1926 1580 1995 umquam
1610 1913 1818 1990 ante,
1874 1926 2095 1996 quam
2131 1903 2306 1974 bene
2336 1927 2463 1974 sa-

254 2005 827 2099 turatussuerit‚
880 2004 1198 2075 laborat.
1267 2053 1273 2059 ·
1302 2008 1547 2097 Neque
1567 2029 1732 2076 vero
1755 2007 1959 2083 alium
1985 2007 2055 2074 in
2082 2030 2290 2099 prosa
2311 2029 2468 2077 ora-

251 2112 434 2179 tione
487 2133 681 2179 usum
726 2109 1025 2177 obtinere
1080 2118 1601 2178 consentaneum
1646 2122 1766 2179 est.
1869 2111 2089 2178 Recte
2129 2112 2469 2203 Reisigius

252 2224 464 2307 negat
513 2235 687 2306 opus
726 2235 874 2281 esse
905 2212 1275 2335 particula„
1281 2240 1374 2285 αν
1412 2213 1484 2281 ἰιι
1511 2213 1616 2282 his
1645 2214 1940 2282 Platonis
1971 2213 2061 2282 de
2100 2213 2325 2307 Legg.
2350 2215 2466 2286 IX.

252 2342 319 2411 p.
349 2316 534 2390 872.
563 2318 647 2386 E.
680 2315 820 2390 τοῦ
851 2342 992 2412 γαρ
1023 2341 1273 2388 νοινου
1243 2315 1744 2409 ’μιανθέντος
1773 2324 2085 2410 αἵματος
2114 2312 2243 2390 οὐκ
2279 2313 2467 2391 εἶναι

253 2416 625 2518 κάθαρσιν
672 2417 937 2518 ἄλλην,
992 2413 1162 2491 οὐδὲ
1214 2420 1566 2493 ἔκπλυτον
1609 2422 1891 2494 ἐθέλειν
1949 2417 2333 2514 γίγνεσθαι
2376 2448 2465 2494 το

253 2524 610 2619 μιανθέν,
663 2520 831 2618 πρὶν
876 2514 1108 2614 φόνον
1139 2515 1375 2617 φόνῳ,
1430 2521 1662 2617 ὁμοίῳ
1710 2519 2010 2617 ὅμοιον,
2062 2519 2108 2612 ἡ
2138 2517 2467 2620 δράσασα

254 2650 450 2724 ψυχη
485 2625 684 2724 τίσῃ,
735 2623 856 2698 καὶ
899 2650 1127 2722 πασης
1151 2626 1280 2723 τῆς
1312 2625 1712 2721 ξυγγενείας
1744 2619 1878 2700 το“ν
1907 2618 2159 2719 θυμον
2188 2621 2461 2723 α’φιλα-

256 2732 535 2825 σαμένη
578 2726 891 2825 κοιμίσῃ.
975 2727 1070 2795 At
1119 2750 1351 2798 caussa
1379 2753 1515 2798 non
1558 2730 1630 2797 in
1670 2731 1999 2822 gravitate
2040 2738 2110 2798 et
2142 2729 2468 2824 dignitate

255 2834 572 2904 orationis
611 2829 1019 2923 quaerenda,
1073 2831 1240 2900 sed
1220 2854 1288 2900 ιιι
1312 2833 1390 2901 iis
1419 2832 1663 2919 verbis»,
1716 2833 1899 2932 unde
1926 2833 2100 2903 haec
2121 2832 2468 2925 pendent.

256 2936 297 3011 ὁ
318 2931 468 3032 γοῖρ
499 2927 587 3031 δη
611 2932 919 3030 μῦθοςῆ
947 2927 1228 3028 λόγος’
1184 2962 1224 3032 η
1259 2933 1305 3007 5
1340 2962 1417 3008 τι
1455 2930 1596 3030 χρῆ
1622 2919 2179 3032 προςαγορεόειν
2210 2932 2464 3025 αὐτόν,

257 3047 328 3115 ἐν
376 3037 709 3112 παλαιων
748 3037 997 3156 ἱερέων
1040 3039 1316 3136 εἴρηται
1362 3063 1643 3133 σαφως,
1712 3035 1803 3118 οἷς
1841 3066 1886 3134 η
1923 3066 2070 3112 των
2120 3037 2467 3132 ευγγενων

257 3136 593 3232 αἱμάτων
635 3131 953 3235 τιμωρός
995 3138 1149 3239 δίκη
1209 3140 1588 3221 ἐπίσκοπος
1631 3136 1835 3237 νόμῳ
1878 3142 2144 3238 χρῆται
2189 3142 2296 3237 τῷ
2335 3140 2468 3214 νῦν

259 3241 344 3342 δῆ
382 3245 760 3336 λεχθέντι,
812 3239 930 3360 fae*
961 3241 1207 3325 ἔταξεν
1248 3270 1394 3337 αρα
1438 3237 1795 3338 δρασαντί
1822 3271 1899 3317 τι
1938 3243 2284 3317 τοιοῦτον
2316 3270 2466 3315 πα-

257 3353 424 3422 θεῖν
490 3339 734 3420 ταὺτα
792 3339 1191 3437 ἀναγκαίως
1240 3343 1427 3443 ἅπερ
1479 3347 1802 3442 ἔδρασεν.
1907 3348 2086 3415 Nam
2113 3346 2291 3466 ‘quia
2330 3369 2465 3414 ne-

259 3452 546 3521 coesario
589 3446 1038 3542 perpetienda
1082 3472 1228 3518 esse
1260 3448 1504 3518 eadem
1544 3449 1739 3535 dicit,
1798 3473 1974 3541 quae
2021 3449 2167 3541 quis
2202 3449 2467 3536 fecerit,

256 3563 625 3648 propterea
659 3551 871 3648 πρίν,
924 3561 1000 3618 ut
1021 3551 1091 3619 in
1120 3576 1197 3622 re
1236 3562 1424 3622 certo
1453 3563 1976 3643 consequutura,
2028 3555 2169 3622 sine
2210 3550 2304 3625 ἂν
2331 3575 2467 3644 po-

259 3659 405 3731 suit.
512 3657 966 3780 Quamquam
983 3655 1133 3745 quis
1174 3664 1385 3749 neget
1424 3667 1492 3725 et
1533 3656 1720 3726 hoc
1700 3678 1772 3725 ιιι
1796 3657 1957 3728 loco
1970 3706 1992 3744 ‚
2046 3667 2115 3725 et
2151 3655 2424 3723 multis
2404 3679 2469 3723 ιιι

259 3762 438 3847 aliis,
490 3760 691 3828 etiam
718 3755 886 3853 πρὶν
916 3784 1008 3830 αν
1044 3758 1178 3827 dici
1205 3759 1554 3852 potuisse?
1603 3761 1815 3849 Nam,
1868 3761 2098 3852 prouti
2124 3781 2270 3827 rem
2301 3781 2467 3827 con-

260 3864 546 3950 sidetes,
598 3883 808 3954 saepe
844 3861 1045 3930 etiam
1075 3862 1264 3954 quod
1300 3872 1556 3932 certum
1603 3872 1739 3951 est,
1791 3864 1922 3931 alia
1959 3865 2216 3932 ratione
2255 3871 2329 3930 ut
2364 3861 2468 3929 in·

262 3977 519 4036 certum
565 3967 870 4059 proferri
902 3975 1165 4058 potest:
1216 3975 1291 4035 ut
1333 3965 1484 4059 hic,
1537 3967 1594 4035 si
1621 3988 1760 4035 non
1786 3977 1925 4035 tam
1965 3966 2168 4055 illud,
2219 3988 2468 4056 sequu-

260 4080 478 4139 turam
560 4094 711 4140 esse
784 4093 1118 4162 poenam,
1198 4093 1404 4161 quam
1492 4092 1649 4137 eam
1723 4069 2083 4161 aliquando
2099 4120 2119 4157 ,
2203 4068 2323 4138 sed
2396 4078 2470 4135 ut

261 4174 590 4244 incertum
667 4175 751 4242 sit
809 4197 948 4265 quo
1022 4183 1369 4266 tempore,
1441 4182 1874 4263 sequuturam
1942 4173 2169 4242 dicere
2230 4171 2468 4240 volue—

263 4278 371 4352 ris.
475 4275 705 4346 Dubia
747 4287 851 4345 est
881 4277 1211 4370 scriptura
1253 4277 1326 4344 in
1368 4275 1654 4345 Politico
1680 4300 1753 4369 p.
1781 4275 1951 4345 281.
1993 4277 2081 4346 l).
2112 4274 2257 4343 aliis
2282 4273 2466 4341 libris

265 4382 431 4473 πρὶν
507 4377 600 4451 ἄν
614 4433 642 4468 ,
708 4379 848 4448 aliis
908 4383 1076 4478 πρὶν
1122 4376 1218 4452 αὖ
1269 4379 1790 4472 praebentibus,
1853 4379 2040 4472 quod
2094 4401 2230 4447 non
2281 4376 2465 4445 dixe·

269 4483 392 4551 rim
431 4483 680 4552 falsum
721 4505 886 4552 esse.
1002 4484 1159 4552 Non
1211 4483 1531 4553 assentior
1582 4484 1924 4576 Reisigio,
1988 4485 2058 4552 in
2115 4479 2467 4550 Aeschinis
