<?xml version="1.0" encoding="UTF-8"?>
<!DOCTYPE html PUBLIC "-//W3C//DTD XHTML 1.0 Transitional//EN"
    "http://www.w3.org/TR/xhtml1/DTD/xhtml1-transitional.dtd">
<html xmlns="http://www.w3.org/1999/xhtml" xml:lang="en" lang="en">
 <head>
  <title>
</title>
<meta http-equiv="Content-Type" content="text/html;charset=utf-8" />
  <meta name='ocr-system' content='tesseract 3.04.00' />
  <meta name='ocr-capabilities' content='ocr_page ocr_carea ocr_par ocr_line ocrx_word'/>
</head>
<body>
  <div class='ocr_page' id='page_1' title='image "./godofrediherman03fritgoog_0153.png"; bbox 0 0 3259 5275; ppageno 0'>
   <div class='ocr_carea' id='block_1_1' title="bbox 952 504 2540 603">
    <p class='ocr_par' dir='ltr' id='par_1_1' title="bbox 952 504 2540 603">
     <span class='ocr_line' id='line_1_1' title="bbox 952 504 2540 603; baseline 0.004 -31"><span class='ocrx_word' id='word_1_1' title='bbox 952 510 1129 573; x_wconf 76' lang='lat' dir='ltr'><strong>mn.</strong></span> <span class='ocrx_word' id='word_1_2' title='bbox 1181 511 1288 575; x_wconf 90' lang='lat'>111.</span> <span class='ocrx_word' id='word_1_3' title='bbox 1376 509 1567 572; x_wconf 71' lang='lat' dir='ltr'><strong>cAP.</strong></span> <span class='ocrx_word' id='word_1_4' title='bbox 1611 514 1675 577; x_wconf 90' lang='lat'><strong>1.</strong></span> <span class='ocrx_word' id='word_1_5' title='bbox 1708 512 1781 576; x_wconf 75' lang='lat'><strong>2.</strong></span> <span class='ocrx_word' id='word_1_6' title='bbox 2056 594 2061 603; x_wconf 19' lang='lat'>=</span> <span class='ocrx_word' id='word_1_7' title='bbox 2399 504 2540 579; x_wconf 75' lang='lat' dir='ltr'><strong>no·</strong></span> 
     </span>
    </p>
   </div>
   <div class='ocr_carea' id='block_1_2' title="bbox 413 1021 2389 1446">
    <p class='ocr_par' dir='ltr' id='par_1_2' title="bbox 413 1021 2389 1446">
     <span class='ocr_line' id='line_1_2' title="bbox 725 1021 2085 1096; baseline -0.003 0"><span class='ocrx_word' id='word_1_8' title='bbox 725 1023 1230 1096; x_wconf 83' lang='lat' dir='ltr'>LIBER</span> <span class='ocrx_word' id='word_1_9' title='bbox 1328 1021 2085 1094; x_wconf 82' lang='lat' dir='ltr'><strong>TERTIVS.</strong></span> 
     </span>
     <span class='ocr_line' id='line_1_3' title="bbox 1289 1196 1430 1267; baseline 0 0"><span class='ocrx_word' id='word_1_10' title='bbox 1289 1196 1430 1267; x_wconf 89' lang='lat'><strong>·1.</strong></span> 
     </span>
     <span class='ocr_line' id='line_1_4' title="bbox 413 1296 2389 1446; baseline -0.001 -27"><span class='ocrx_word' id='word_1_11' title='bbox 413 1349 588 1421; x_wconf 82' lang='lat' dir='ltr'><strong>De</strong></span> <span class='ocrx_word' id='word_1_12' title='bbox 685 1349 811 1420; x_wconf 76' lang='grc' dir='ltr'><strong>υἱ</strong></span> <span class='ocrx_word' id='word_1_13' title='bbox 911 1296 1593 1446; x_wconf 29' lang='lat' dir='ltr'><strong>optativi,</strong></span> <span class='ocrx_word' id='word_1_14' title='bbox 1681 1348 2389 1421; x_wconf 70' lang='lat' dir='ltr'><strong>universe.</strong></span> 
     </span>
    </p>
   </div>
   <div class='ocr_carea' id='block_1_3' title="bbox 282 1502 2565 3273">
    <p class='ocr_par' dir='ltr' id='par_1_3' title="bbox 282 1502 2565 3273">
     <span class='ocr_line' id='line_1_5' title="bbox 282 1502 2519 1630; baseline 0.001 -24"><span class='ocrx_word' id='word_1_15' title='bbox 282 1502 719 1607; x_wconf 80' lang='lat' dir='ltr'><strong>Perventum</strong></span> <span class='ocrx_word' id='word_1_16' title='bbox 757 1546 861 1607; x_wconf 83' lang='lat' dir='ltr'><strong>est</strong></span> <span class='ocrx_word' id='word_1_17' title='bbox 907 1538 997 1607; x_wconf 79' lang='lat' dir='ltr'><strong>ad</strong></span> <span class='ocrx_word' id='word_1_18' title='bbox 1043 1539 1440 1630; x_wconf 80' lang='lat' dir='ltr'><strong>optativum.</strong></span> <span class='ocrx_word' id='word_1_19' title='bbox 1543 1539 1611 1608; x_wconf 77' lang='lat' dir='ltr'><strong>Is</strong></span> <span class='ocrx_word' id='word_1_20' title='bbox 1655 1538 1897 1607; x_wconf 80' lang='lat' dir='ltr'><strong>modus</strong></span> <span class='ocrx_word' id='word_1_21' title='bbox 1945 1538 2264 1627; x_wconf 80' lang='lat' dir='ltr'><strong>quoniam</strong></span> <span class='ocrx_word' id='word_1_22' title='bbox 2304 1540 2519 1609; x_wconf 75' lang='lat' dir='ltr'><strong>solam</strong></span> 
     </span>
     <span class='ocr_line' id='line_1_6' title="bbox 285 1641 2516 1735; baseline 0.002 -24"><span class='ocrx_word' id='word_1_23' title='bbox 285 1641 772 1735; x_wconf 70' lang='lat' dir='ltr'><strong>cogitationem</strong></span> <span class='ocrx_word' id='word_1_24' title='bbox 796 1642 896 1710; x_wconf 93' lang='lat' dir='ltr'><strong>rei</strong></span> <span class='ocrx_word' id='word_1_25' title='bbox 924 1643 1290 1734; x_wconf 80' lang='lat' dir='ltr'><strong>sig-nificat,</strong></span> <span class='ocrx_word' id='word_1_26' title='bbox 1340 1643 1663 1734; x_wconf 77' lang='lat' dir='ltr'><strong>proprius</strong></span> <span class='ocrx_word' id='word_1_27' title='bbox 1700 1652 1805 1711; x_wconf 82' lang='lat' dir='ltr'><strong>est</strong></span> <span class='ocrx_word' id='word_1_28' title='bbox 1831 1641 2144 1711; x_wconf 78' lang='lat' dir='ltr'><strong>orationis</strong></span> <span class='ocrx_word' id='word_1_29' title='bbox 2175 1643 2516 1734; x_wconf 82' lang='lat' dir='ltr'><strong>obliquae.</strong></span> 
     </span>
     <span class='ocr_line' id='line_1_7' title="bbox 286 1743 2519 1838; baseline 0 -24"><span class='ocrx_word' id='word_1_30' title='bbox 286 1743 662 1837; x_wconf 70' lang='lat' dir='ltr'><strong>Obliquum</strong></span> <span class='ocrx_word' id='word_1_31' title='bbox 707 1746 882 1814; x_wconf 88' lang='lat' dir='ltr'><strong>enim</strong></span> <span class='ocrx_word' id='word_1_32' title='bbox 912 1748 1281 1815; x_wconf 83' lang='lat' dir='ltr'><strong>orationem</strong></span> <span class='ocrx_word' id='word_1_33' title='bbox 1306 1768 1627 1815; x_wconf 78' lang='lat' dir='ltr'><strong>vocamus</strong></span> <span class='ocrx_word' id='word_1_34' title='bbox 1663 1768 1849 1833; x_wconf 83' lang='lat' dir='ltr'><strong>eam,</strong></span> <span class='ocrx_word' id='word_1_35' title='bbox 1903 1768 2038 1835; x_wconf 83' lang='lat' dir='ltr'><strong>qua</strong></span> <span class='ocrx_word' id='word_1_36' title='bbox 2066 1767 2203 1814; x_wconf 90' lang='lat' dir='ltr'><strong>non</strong></span> <span class='ocrx_word' id='word_1_37' title='bbox 2224 1747 2388 1836; x_wconf 82' lang='lat' dir='ltr'><strong>quid</strong></span> <span class='ocrx_word' id='word_1_38' title='bbox 2413 1747 2519 1838; x_wconf 75' lang='lat' dir='ltr'><strong>sit,</strong></span> 
     </span>
     <span class='ocr_line' id='line_1_8' title="bbox 285 1848 2523 1942; baseline 0 -24"><span class='ocrx_word' id='word_1_39' title='bbox 285 1849 410 1918; x_wconf 72' lang='lat' dir='ltr'><strong>sed</strong></span> <span class='ocrx_word' id='word_1_40' title='bbox 438 1850 608 1939; x_wconf 82' lang='lat' dir='ltr'><strong>quid</strong></span> <span class='ocrx_word' id='word_1_41' title='bbox 640 1848 897 1942; x_wconf 79' lang='lat' dir='ltr'>cogitet</span> <span class='ocrx_word' id='word_1_42' title='bbox 933 1851 1081 1939; x_wconf 80' lang='lat' dir='ltr'><strong>quis</strong></span> <span class='ocrx_word' id='word_1_43' title='bbox 1118 1872 1267 1919; x_wconf 81' lang='lat' dir='ltr'><strong>esse</strong></span> <span class='ocrx_word' id='word_1_44' title='bbox 1293 1849 1647 1924; x_wconf 83' lang='lat' dir='ltr'><strong>indicatur.</strong></span> <span class='ocrx_word' id='word_1_45' title='bbox 1731 1848 1942 1936; x_wconf 82' lang='lat' dir='ltr'><strong>Quod</strong></span> <span class='ocrx_word' id='word_1_46' title='bbox 1970 1850 2026 1916; x_wconf 83' lang='lat' dir='ltr'><strong>si</strong></span> <span class='ocrx_word' id='word_1_47' title='bbox 2055 1872 2295 1918; x_wconf 80' lang='lat' dir='ltr'><strong>verum</strong></span> <span class='ocrx_word' id='word_1_48' title='bbox 2324 1850 2523 1920; x_wconf 85' lang='lat' dir='ltr'><strong>fateri</strong></span> 
     </span>
     <span class='ocr_line' id='line_1_9' title="bbox 283 1952 2565 2045; baseline 0 -24"><span class='ocrx_word' id='word_1_49' title='bbox 283 1952 600 2022; x_wconf 81' lang='lat' dir='ltr'><strong>volumus</strong></span> <span class='ocrx_word' id='word_1_50' title='bbox 619 2003 640 2041; x_wconf 98' lang='lat'><strong>,</strong></span> <span class='ocrx_word' id='word_1_51' title='bbox 707 1953 921 2021; x_wconf 84' lang='lat' dir='ltr'><strong>omnis</strong></span> <span class='ocrx_word' id='word_1_52' title='bbox 979 1955 1253 2022; x_wconf 88' lang='lat' dir='ltr'><strong>omnino</strong></span> <span class='ocrx_word' id='word_1_53' title='bbox 1297 1954 1512 2022; x_wconf 81' lang='lat' dir='ltr'><strong>oratio</strong></span> <span class='ocrx_word' id='word_1_54' title='bbox 1526 2004 1547 2042; x_wconf 91' lang='lat'><strong>,</strong></span> <span class='ocrx_word' id='word_1_55' title='bbox 1616 1975 1794 2044; x_wconf 83' lang='lat' dir='ltr'><strong>quae</strong></span> <span class='ocrx_word' id='word_1_56' title='bbox 1862 1954 2239 2044; x_wconf 81' lang='lat' dir='ltr'><strong>optativum</strong></span> <span class='ocrx_word' id='word_1_57' title='bbox 2288 1953 2565 2045; x_wconf 83' lang='lat' dir='ltr'><strong>habet,.</strong></span> 
     </span>
     <span class='ocr_line' id='line_1_10' title="bbox 283 2052 2519 2150; baseline 0.001 -25"><span class='ocrx_word' id='word_1_58' title='bbox 283 2058 569 2147; x_wconf 81' lang='lat' dir='ltr'><strong>obliqua</strong></span> <span class='ocrx_word' id='word_1_59' title='bbox 616 2064 735 2128; x_wconf 85' lang='lat' dir='ltr'><strong>est.</strong></span> <span class='ocrx_word' id='word_1_60' title='bbox 839 2055 984 2126; x_wconf 85' lang='lat' dir='ltr'><strong>Sed</strong></span> <span class='ocrx_word' id='word_1_61' title='bbox 1031 2079 1159 2127; x_wconf 86' lang='lat' dir='ltr'><strong>usu</strong></span> <span class='ocrx_word' id='word_1_62' title='bbox 1208 2052 1465 2126; x_wconf 68' lang='lat' dir='ltr'><strong>suetum</strong></span> <span class='ocrx_word' id='word_1_63' title='bbox 1519 2065 1656 2144; x_wconf 80' lang='lat' dir='ltr'><strong>est,</strong></span> <span class='ocrx_word' id='word_1_64' title='bbox 1720 2066 1796 2125; x_wconf 88' lang='lat' dir='ltr'><strong>ut</strong></span> <span class='ocrx_word' id='word_1_65' title='bbox 1848 2055 2018 2124; x_wconf 90' lang='lat' dir='ltr'><strong>illud</strong></span> <span class='ocrx_word' id='word_1_66' title='bbox 2065 2079 2314 2150; x_wconf 79' lang='lat' dir='ltr'><strong>genus,</strong></span> <span class='ocrx_word' id='word_1_67' title='bbox 2381 2081 2519 2149; x_wconf 90' lang='lat' dir='ltr'><strong>quo</strong></span> 
     </span>
     <span class='ocr_line' id='line_1_11' title="bbox 284 2154 2522 2253; baseline 0.001 -24"><span class='ocrx_word' id='word_1_68' title='bbox 284 2171 518 2230; x_wconf 77' lang='lat' dir='ltr'><strong>nostra</strong></span> <span class='ocrx_word' id='word_1_69' title='bbox 542 2160 847 2251; x_wconf 86' lang='lat' dir='ltr'><strong>ipsorum</strong></span> <span class='ocrx_word' id='word_1_70' title='bbox 883 2154 1182 2253; x_wconf 82' lang='lat' dir='ltr'><strong>cog-itata</strong></span> <span class='ocrx_word' id='word_1_71' title='bbox 1222 2162 1317 2230; x_wconf 82' lang='lat' dir='ltr'><strong>sic</strong></span> <span class='ocrx_word' id='word_1_72' title='bbox 1349 2160 1816 2245; x_wconf 80' lang='lat' dir='ltr'>enunciamus,</span> <span class='ocrx_word' id='word_1_73' title='bbox 1866 2168 1944 2227; x_wconf 87' lang='lat' dir='ltr'><strong>ut</strong></span> <span class='ocrx_word' id='word_1_74' title='bbox 1968 2181 2103 2227; x_wconf 91' lang='lat' dir='ltr'><strong>non</strong></span> <span class='ocrx_word' id='word_1_75' title='bbox 2137 2159 2384 2230; x_wconf 81' lang='lat' dir='ltr'><strong>diserte</strong></span> <span class='ocrx_word' id='word_1_76' title='bbox 2414 2162 2522 2230; x_wconf 91' lang='lat' dir='ltr'><strong>di-</strong></span> 
     </span>
     <span class='ocr_line' id='line_1_12' title="bbox 286 2263 2521 2358; baseline 0.001 -24"><span class='ocrx_word' id='word_1_77' title='bbox 286 2264 708 2357; x_wconf 79' lang='lat' dir='ltr'><strong>stinguamus</strong></span> <span class='ocrx_word' id='word_1_78' title='bbox 742 2265 1150 2356; x_wconf 82' lang='lat' dir='ltr'><strong>cogitantem</strong></span> <span class='ocrx_word' id='word_1_79' title='bbox 1170 2265 1258 2332; x_wconf 79' lang='lat' dir='ltr'><strong>ab</strong></span> <span class='ocrx_word' id='word_1_80' title='bbox 1273 2265 1614 2356; x_wconf 82' lang='lat' dir='ltr'><strong>loquente,</strong></span> <span class='ocrx_word' id='word_1_81' title='bbox 1649 2273 1877 2332; x_wconf 75' lang='lat' dir='ltr'><strong>rectae</strong></span> <span class='ocrx_word' id='word_1_82' title='bbox 1889 2263 2202 2333; x_wconf 79' lang='lat' dir='ltr'><strong>orationis</strong></span> <span class='ocrx_word' id='word_1_83' title='bbox 2221 2266 2521 2358; x_wconf 80' lang='lat' dir='ltr'><strong>speciem</strong></span> 
     </span>
     <span class='ocr_line' id='line_1_13' title="bbox 283 2366 2521 2460; baseline 0 -22"><span class='ocrx_word' id='word_1_84' title='bbox 283 2366 562 2438; x_wconf 75' lang='lat' dir='ltr'><strong>habeat.</strong></span> <span class='ocrx_word' id='word_1_85' title='bbox 663 2367 904 2458; x_wconf 64' lang='lat' dir='ltr'><strong>ltaque</strong></span> <span class='ocrx_word' id='word_1_86' title='bbox 940 2378 1459 2438; x_wconf 78' lang='lat' dir='ltr'><strong>consentaneum</strong></span> <span class='ocrx_word' id='word_1_87' title='bbox 1505 2367 1805 2454; x_wconf 81' lang='lat' dir='ltr'><strong>videtur,</strong></span> <span class='ocrx_word' id='word_1_88' title='bbox 1871 2389 2189 2460; x_wconf 81' lang='lat' dir='ltr'><strong>separare</strong></span> <span class='ocrx_word' id='word_1_89' title='bbox 2232 2369 2521 2439; x_wconf 79' lang='lat' dir='ltr'><strong>alterum</strong></span> 
     </span>
     <span class='ocr_line' id='line_1_14' title="bbox 284 2469 2521 2566; baseline 0.001 -25"><span class='ocrx_word' id='word_1_90' title='bbox 284 2487 508 2566; x_wconf 74' lang='lat' dir='ltr'><strong>genus</strong></span> <span class='ocrx_word' id='word_1_91' title='bbox 557 2471 646 2539; x_wconf 77' lang='lat' dir='ltr'><strong>ab</strong></span> <span class='ocrx_word' id='word_1_92' title='bbox 692 2471 907 2540; x_wconf 79' lang='lat' dir='ltr'><strong>altero</strong></span> <span class='ocrx_word' id='word_1_93' title='bbox 920 2522 941 2560; x_wconf 92' lang='lat'><strong>,</strong></span> <span class='ocrx_word' id='word_1_94' title='bbox 1009 2474 1375 2565; x_wconf 89' lang='lat' dir='ltr'><strong>primoque</strong></span> <span class='ocrx_word' id='word_1_95' title='bbox 1415 2470 1504 2540; x_wconf 84' lang='lat' dir='ltr'><strong>de</strong></span> <span class='ocrx_word' id='word_1_96' title='bbox 1544 2471 1663 2540; x_wconf 90' lang='lat' dir='ltr'><strong>illo</strong></span> <span class='ocrx_word' id='word_1_97' title='bbox 1711 2469 1979 2558; x_wconf 86' lang='lat' dir='ltr'><strong>dicere,</strong></span> <span class='ocrx_word' id='word_1_98' title='bbox 2053 2471 2242 2561; x_wconf 85' lang='lat' dir='ltr'><strong>quod</strong></span> <span class='ocrx_word' id='word_1_99' title='bbox 2280 2482 2521 2566; x_wconf 73' lang='lat' dir='ltr'><strong>aperte</strong></span> 
     </span>
     <span class='ocr_line' id='line_1_15' title="bbox 285 2572 2521 2670; baseline 0 -23"><span class='ocrx_word' id='word_1_100' title='bbox 285 2600 414 2647; x_wconf 84' lang='lat' dir='ltr'><strong>nec</strong></span> <span class='ocrx_word' id='word_1_101' title='bbox 442 2575 653 2648; x_wconf 86' lang='lat' dir='ltr'><strong>dubie</strong></span> <span class='ocrx_word' id='word_1_102' title='bbox 678 2575 1026 2666; x_wconf 81' lang='lat' dir='ltr'><strong>obliquam</strong></span> <span class='ocrx_word' id='word_1_103' title='bbox 1053 2577 1423 2647; x_wconf 82' lang='lat' dir='ltr'><strong>orationem</strong></span> <span class='ocrx_word' id='word_1_104' title='bbox 1452 2576 1768 2646; x_wconf 85' lang='lat' dir='ltr'><strong>continet.</strong></span> <span class='ocrx_word' id='word_1_105' title='bbox 1844 2572 2064 2645; x_wconf 82' lang='lat' dir='ltr'><strong>Huius</strong></span> <span class='ocrx_word' id='word_1_106' title='bbox 2091 2577 2357 2670; x_wconf 80' lang='lat' dir='ltr'><strong>generis</strong></span> <span class='ocrx_word' id='word_1_107' title='bbox 2387 2576 2521 2649; x_wconf 85' lang='lat' dir='ltr'><strong>du-</strong></span> 
     </span>
     <span class='ocr_line' id='line_1_16' title="bbox 287 2678 2517 2773; baseline 0.001 -24"><span class='ocrx_word' id='word_1_108' title='bbox 287 2682 456 2773; x_wconf 86' lang='lat' dir='ltr'><strong>plex</strong></span> <span class='ocrx_word' id='word_1_109' title='bbox 503 2678 751 2749; x_wconf 85' lang='lat' dir='ltr'><strong>modus</strong></span> <span class='ocrx_word' id='word_1_110' title='bbox 791 2690 911 2749; x_wconf 80' lang='lat' dir='ltr'><strong>est.</strong></span> <span class='ocrx_word' id='word_1_111' title='bbox 1013 2681 1194 2751; x_wconf 83' lang='lat' dir='ltr'><strong>Nam</strong></span> <span class='ocrx_word' id='word_1_112' title='bbox 1232 2690 1351 2750; x_wconf 79' lang='lat' dir='ltr'><strong>aut</strong></span> <span class='ocrx_word' id='word_1_113' title='bbox 1388 2703 1521 2773; x_wconf 89' lang='lat' dir='ltr'><strong>pro</strong></span> <span class='ocrx_word' id='word_1_114' title='bbox 1556 2678 1952 2766; x_wconf 78' lang='lat' dir='ltr'><strong>indicativo,</strong></span> <span class='ocrx_word' id='word_1_115' title='bbox 2003 2689 2121 2748; x_wconf 79' lang='lat' dir='ltr'><strong>aut</strong></span> <span class='ocrx_word' id='word_1_116' title='bbox 2166 2704 2300 2773; x_wconf 89' lang='lat' dir='ltr'><strong>pro</strong></span> <span class='ocrx_word' id='word_1_117' title='bbox 2349 2705 2517 2751; x_wconf 84' lang='lat' dir='ltr'><strong>con-</strong></span> 
     </span>
     <span class='ocr_line' id='line_1_17' title="bbox 289 2782 2520 2877; baseline 0 -23"><span class='ocrx_word' id='word_1_118' title='bbox 289 2785 585 2854; x_wconf 80' lang='lat' dir='ltr'><strong>iunctivo</strong></span> <span class='ocrx_word' id='word_1_119' title='bbox 611 2783 888 2875; x_wconf 88' lang='lat' dir='ltr'><strong>ponitur</strong></span> <span class='ocrx_word' id='word_1_120' title='bbox 919 2785 1281 2877; x_wconf 76' lang='lat' dir='ltr'><strong>optativus,</strong></span> <span class='ocrx_word' id='word_1_121' title='bbox 1317 2785 1507 2875; x_wconf 83' lang='lat' dir='ltr'><strong>isque</strong></span> <span class='ocrx_word' id='word_1_122' title='bbox 1536 2807 1772 2853; x_wconf 82' lang='lat' dir='ltr'><strong>carens</strong></span> <span class='ocrx_word' id='word_1_123' title='bbox 1806 2782 2142 2875; x_wconf 78' lang='lat' dir='ltr'><strong>particula</strong></span> <span class='ocrx_word' id='word_1_124' title='bbox 2170 2782 2286 2858; x_wconf 76' lang='grc' dir='ltr'><strong>ἄν.</strong></span> <span class='ocrx_word' id='word_1_125' title='bbox 2338 2786 2520 2856; x_wconf 80' lang='lat' dir='ltr'><strong>Nam</strong></span> 
     </span>
     <span class='ocr_line' id='line_1_18' title="bbox 292 2886 2517 2980; baseline 0 -23"><span class='ocrx_word' id='word_1_126' title='bbox 292 2911 505 2979; x_wconf 86' lang='lat' dir='ltr'><strong>quum</strong></span> <span class='ocrx_word' id='word_1_127' title='bbox 563 2886 732 2978; x_wconf 86' lang='lat' dir='ltr'><strong>quid</strong></span> <span class='ocrx_word' id='word_1_128' title='bbox 803 2909 887 2957; x_wconf 80' lang='lat' dir='ltr'><strong>ex</strong></span> <span class='ocrx_word' id='word_1_129' title='bbox 950 2897 1138 2959; x_wconf 77' lang='lat' dir='ltr'><strong>recta</strong></span> <span class='ocrx_word' id='word_1_130' title='bbox 1202 2888 1503 2957; x_wconf 79' lang='lat' dir='ltr'><strong>oratione</strong></span> <span class='ocrx_word' id='word_1_131' title='bbox 1567 2889 1640 2956; x_wconf 92' lang='lat' dir='ltr'><strong>in</strong></span> <span class='ocrx_word' id='word_1_132' title='bbox 1697 2887 2044 2976; x_wconf 76' lang='lat' dir='ltr'><strong>obliquum</strong></span> <span class='ocrx_word' id='word_1_133' title='bbox 2091 2888 2517 2980; x_wconf 80' lang='lat' dir='ltr'><strong>transfertur,</strong></span> 
     </span>
     <span class='ocr_line' id='line_1_19' title="bbox 291 2990 2518 3088; baseline 0 -27"><span class='ocrx_word' id='word_1_134' title='bbox 291 2991 454 3061; x_wconf 86' lang='lat' dir='ltr'><strong>nihil</strong></span> <span class='ocrx_word' id='word_1_135' title='bbox 498 2991 626 3060; x_wconf 88' lang='lat' dir='ltr'><strong>nisi</strong></span> <span class='ocrx_word' id='word_1_136' title='bbox 670 2992 913 3062; x_wconf 81' lang='lat' dir='ltr'><strong>veritas</strong></span> <span class='ocrx_word' id='word_1_137' title='bbox 955 2993 1056 3061; x_wconf 92' lang='lat' dir='ltr'><strong>rei</strong></span> <span class='ocrx_word' id='word_1_138' title='bbox 1094 2990 1565 3060; x_wconf 78' lang='lat' dir='ltr'><strong>tantummodo</strong></span> <span class='ocrx_word' id='word_1_139' title='bbox 1622 3001 1699 3061; x_wconf 89' lang='lat' dir='ltr'><strong>ut</strong></span> <span class='ocrx_word' id='word_1_140' title='bbox 1750 2991 2049 3083; x_wconf 74' lang='lat' dir='ltr'><strong>cogitata</strong></span> <span class='ocrx_word' id='word_1_141' title='bbox 2089 2994 2518 3088; x_wconf 85' lang='lat' dir='ltr'><strong>proponitur,</strong></span> 
     </span>
     <span class='ocr_line' id='line_1_20' title="bbox 292 3093 2525 3226; baseline 0.001 -62"><span class='ocrx_word' id='word_1_142' title='bbox 292 3118 425 3164; x_wconf 85' lang='lat' dir='ltr'><strong>non</strong></span> <span class='ocrx_word' id='word_1_143' title='bbox 454 3096 664 3164; x_wconf 80' lang='lat' dir='ltr'><strong>etiam</strong></span> <span class='ocrx_word' id='word_1_144' title='bbox 702 3093 1011 3167; x_wconf 79' lang='lat' dir='ltr'><strong>adiicitur</strong></span> <span class='ocrx_word' id='word_1_145' title='bbox 1048 3097 1276 3189; x_wconf 78' lang='lat' dir='ltr'><strong>aliqua</strong></span> <span class='ocrx_word' id='word_1_146' title='bbox 1313 3095 1611 3226; x_wconf 81' lang='lat' dir='ltr'><strong>conditio</strong></span> <span class='ocrx_word' id='word_1_147' title='bbox 1628 3146 1652 3184; x_wconf 90' lang='lat'><strong>,</strong></span> <span class='ocrx_word' id='word_1_148' title='bbox 1704 3095 1978 3187; x_wconf 79' lang='lat' dir='ltr'><strong>qualem</strong></span> <span class='ocrx_word' id='word_1_149' title='bbox 2020 3096 2317 3167; x_wconf 76' lang='lat' dir='ltr'><strong>eontinet</strong></span> <span class='ocrx_word' id='word_1_150' title='bbox 2356 3119 2525 3191; x_wconf 76' lang='lat' dir='ltr'><strong>par·-</strong></span> 
     </span>
     <span class='ocr_line' id='line_1_21' title="bbox 292 3199 663 3273; baseline 0.013 -5"><span class='ocrx_word' id='word_1_151' title='bbox 292 3199 492 3269; x_wconf 65' lang='lat' dir='ltr'><strong>ucula</strong></span> <span class='ocrx_word' id='word_1_152' title='bbox 515 3199 663 3273; x_wconf 77' lang='lat' dir='ltr'><strong>ista.</strong></span> 
     </span>
    </p>
   </div>
   <div class='ocr_carea' id='block_1_4' title="bbox 1364 3404 1456 3478">
    <p class='ocr_par' dir='ltr' id='par_1_4' title="bbox 1364 3404 1456 3478">
     <span class='ocr_line' id='line_1_22' title="bbox 1364 3404 1456 3478; baseline 0.043 -4"><span class='ocrx_word' id='word_1_153' title='bbox 1364 3404 1456 3478; x_wconf 87' lang='lat'><strong>11.</strong></span> 
     </span>
    </p>
   </div>
   <div class='ocr_carea' id='block_1_5' title="bbox 688 3517 2139 3653">
    <p class='ocr_par' dir='ltr' id='par_1_5' title="bbox 688 3517 2139 3653">
     <span class='ocr_line' id='line_1_23' title="bbox 688 3517 2139 3653; baseline -0.005 -22"><span class='ocrx_word' id='word_1_154' title='bbox 688 3555 820 3631; x_wconf 86' lang='lat' dir='ltr'><strong>De</strong></span> <span class='ocrx_word' id='word_1_155' title='bbox 872 3517 1292 3653; x_wconf 70' lang='lat' dir='ltr'><strong>optativo</strong></span> <span class='ocrx_word' id='word_1_156' title='bbox 1330 3577 1524 3651; x_wconf 78' lang='lat' dir='ltr'><strong>pro</strong></span> <span class='ocrx_word' id='word_1_157' title='bbox 1573 3553 2139 3627; x_wconf 72' lang='lat' dir='ltr'><strong>indicativo.</strong></span> 
     </span>
    </p>
   </div>
   <div class='ocr_carea' id='block_1_6' title="bbox 298 3709 2529 4016">
    <p class='ocr_par' dir='ltr' id='par_1_6' title="bbox 298 3709 2529 4016">
     <span class='ocr_line' id='line_1_24' title="bbox 500 3709 2529 3806; baseline -0.001 -23"><span class='ocrx_word' id='word_1_158' title='bbox 500 3713 682 3784; x_wconf 87' lang='lat' dir='ltr'><strong>Sunt</strong></span> <span class='ocrx_word' id='word_1_159' title='bbox 708 3721 938 3782; x_wconf 81' lang='lat' dir='ltr'><strong>autem</strong></span> <span class='ocrx_word' id='word_1_160' title='bbox 964 3710 1248 3805; x_wconf 74' lang='lat' dir='ltr'><strong>o‘ptativi</strong></span> <span class='ocrx_word' id='word_1_161' title='bbox 1278 3734 1413 3803; x_wconf 93' lang='lat' dir='ltr'><strong>pro</strong></span> <span class='ocrx_word' id='word_1_162' title='bbox 1444 3709 1809 3779; x_wconf 78' lang='lat' dir='ltr'><strong>indicativo</strong></span> <span class='ocrx_word' id='word_1_163' title='bbox 1834 3709 2040 3803; x_wconf 81' lang='lat' dir='ltr'><strong>positi</strong></span> <span class='ocrx_word' id='word_1_164' title='bbox 2064 3717 2379 3802; x_wconf 80' lang='lat' dir='ltr'><strong>quattuor</strong></span> <span class='ocrx_word' id='word_1_165' title='bbox 2392 3734 2529 3806; x_wconf 92' lang='lat' dir='ltr'><strong>po-</strong></span> 
     </span>
     <span class='ocr_line' id='line_1_25' title="bbox 298 3814 2529 3908; baseline 0 -21"><span class='ocrx_word' id='word_1_166' title='bbox 298 3817 625 3887; x_wconf 79' lang='lat' dir='ltr'><strong>tissimum</strong></span> <span class='ocrx_word' id='word_1_167' title='bbox 678 3817 961 3888; x_wconf 81' lang='lat' dir='ltr'><strong>formae.</strong></span> <span class='ocrx_word' id='word_1_168' title='bbox 1063 3817 1320 3886; x_wconf 77' lang='lat' dir='ltr'><strong>Earum</strong></span> <span class='ocrx_word' id='word_1_169' title='bbox 1360 3815 1585 3908; x_wconf 78' lang='lat' dir='ltr'><strong>prima</strong></span> <span class='ocrx_word' id='word_1_170' title='bbox 1647 3814 1945 3907; x_wconf 78' lang='lat' dir='ltr'><strong>elliptica</strong></span> <span class='ocrx_word' id='word_1_171' title='bbox 1990 3822 2094 3883; x_wconf 76' lang='lat' dir='ltr'><strong>est</strong></span> <span class='ocrx_word' id='word_1_172' title='bbox 2108 3865 2131 3904; x_wconf 92' lang='lat'><strong>,</strong></span> <span class='ocrx_word' id='word_1_173' title='bbox 2211 3838 2349 3908; x_wconf 79' lang='lat' dir='ltr'><strong>qua</strong></span> <span class='ocrx_word' id='word_1_174' title='bbox 2392 3817 2529 3888; x_wconf 71' lang='lat' dir='ltr'><strong>tale</strong></span> 
     </span>
     <span class='ocr_line' id='line_1_26' title="bbox 302 3916 2292 4016; baseline -0.002 -26"><span class='ocrx_word' id='word_1_175' title='bbox 302 3921 463 4014; x_wconf 86' lang='lat' dir='ltr'><strong>quid</strong></span> <span class='ocrx_word' id='word_1_176' title='bbox 487 3931 565 3992; x_wconf 88' lang='lat' dir='ltr'><strong>ut</strong></span> <span class='ocrx_word' id='word_1_177' title='bbox 600 3922 793 4016; x_wconf 72' lang='grc' dir='ltr'><em>λέγει</em></span> <span class='ocrx_word' id='word_1_178' title='bbox 825 3919 949 3995; x_wconf 79' lang='grc' dir='ltr'><strong>ὅτι</strong></span> <span class='ocrx_word' id='word_1_179' title='bbox 977 3919 1388 4014; x_wconf 78' lang='lat' dir='ltr'><strong>intelligitur.</strong></span> <span class='ocrx_word' id='word_1_180' title='bbox 1492 3918 1878 4011; x_wconf 81' lang='lat' dir='ltr'><strong>Sophocles</strong></span> <span class='ocrx_word' id='word_1_181' title='bbox 1904 3918 2082 3992; x_wconf 89' lang='lat' dir='ltr'><strong>Phil.</strong></span> <span class='ocrx_word' id='word_1_182' title='bbox 2116 3916 2292 3988; x_wconf 80' lang='lat'><strong>615.</strong></span> 
     </span>
    </p>
   </div>
   <div class='ocr_carea' id='block_1_7' title="bbox 502 4067 2411 4483">
    <p class='ocr_par' dir='ltr' id='par_1_7' title="bbox 502 4067 2411 4483">
     <span class='ocr_line' id='line_1_27' title="bbox 1556 4067 2411 4200; baseline 0.002 -52"><span class='ocrx_word' id='word_1_183' title='bbox 1556 4067 1829 4155; x_wconf 74' lang='grc' dir='ltr'><strong><em>εὐθέως</em></strong></span> <span class='ocrx_word' id='word_1_184' title='bbox 1857 4068 1930 4147; x_wconf 85' lang='grc' dir='ltr'><em>δ</em></span> <span class='ocrx_word' id='word_1_185' title='bbox 1917 4070 2310 4200; x_wconf 75' lang='grc' dir='ltr'><strong>ὑπέσχετο</strong></span> <span class='ocrx_word' id='word_1_186' title='bbox 2397 4071 2411 4082; x_wconf 82' lang='grc'><strong>’</strong></span> 
     </span>
     <span class='ocr_line' id='line_1_28' title="bbox 502 4168 2127 4302; baseline 0 -51"><span class='ocrx_word' id='word_1_187' title='bbox 502 4203 643 4251; x_wconf 73' lang='grc' dir='ltr'><strong>τον</strong></span> <span class='ocrx_word' id='word_1_188' title='bbox 667 4172 889 4275; x_wconf 72' lang='grc' dir='ltr'><em>ἄνδρ’</em></span> <span class='ocrx_word' id='word_1_189' title='bbox 912 4171 1249 4269; x_wconf 79' lang='grc' dir='ltr'><strong><em>Ἀχαιοῖς</em></strong></span> <span class='ocrx_word' id='word_1_190' title='bbox 1274 4168 1492 4250; x_wconf 71' lang='grc' dir='ltr'><em>τόνδε</em></span> <span class='ocrx_word' id='word_1_191' title='bbox 1493 4168 1867 4301; x_wconf 71' lang='grc' dir='ltr'><strong>δηλώσειν</strong></span> <span class='ocrx_word' id='word_1_192' title='bbox 1891 4175 2127 4302; x_wconf 76' lang='grc' dir='ltr'><em>ἄγων·</em></span> 
     </span>
     <span class='ocr_line' id='line_1_29' title="bbox 507 4272 1993 4376; baseline 0.001 -22"><span class='ocrx_word' id='word_1_193' title='bbox 507 4282 749 4355; x_wconf 80' lang='grc' dir='ltr'><strong><em>οἴοιτο</em></strong></span> <span class='ocrx_word' id='word_1_194' title='bbox 775 4279 949 4375; x_wconf 71' lang='grc' dir='ltr'><strong>μέν,</strong></span> <span class='ocrx_word' id='word_1_195' title='bbox 997 4272 1321 4374; x_wconf 72' lang='grc' dir='ltr'><strong><em>μάλισθ’</em></strong></span> <span class='ocrx_word' id='word_1_196' title='bbox 1346 4273 1679 4355; x_wconf 70' lang='grc' dir='ltr'><strong>ἑκούσιον</strong></span> <span class='ocrx_word' id='word_1_197' title='bbox 1705 4273 1993 4376; x_wconf 71' lang='grc' dir='ltr'><strong><em>λαβών,</em></strong></span> 
     </span>
     <span class='ocr_line' id='line_1_30' title="bbox 506 4377 1447 4483; baseline 0 -26"><span class='ocrx_word' id='word_1_198' title='bbox 506 4385 582 4457; x_wconf 78' lang='grc' dir='ltr'><strong>εἰ</strong></span> <span class='ocrx_word' id='word_1_199' title='bbox 600 4377 710 4483; x_wconf 78' lang='grc' dir='ltr'><strong>μῆ</strong></span> <span class='ocrx_word' id='word_1_200' title='bbox 734 4386 948 4461; x_wconf 72' lang='grc' dir='ltr'><strong><em>θέλοι</em></strong></span> <span class='ocrx_word' id='word_1_201' title='bbox 979 4379 1096 4475; x_wconf 70' lang='lat' dir='ltr'><strong>d,</strong></span> <span class='ocrx_word' id='word_1_202' title='bbox 1150 4381 1447 4457; x_wconf 70' lang='grc' dir='ltr'><strong>ἄκοντα.</strong></span> 
     </span>
    </p>
   </div>
   <div class='ocr_carea' id='block_1_8' title="bbox 313 4526 2529 4639">
    <p class='ocr_par' dir='ltr' id='par_1_8' title="bbox 313 4526 2529 4639">
     <span class='ocr_line' id='line_1_31' title="bbox 313 4526 2529 4639; baseline 0 -32"><span class='ocrx_word' id='word_1_203' title='bbox 313 4535 755 4632; x_wconf 75' lang='lat' dir='ltr'><strong>&#39;Thucydides</strong></span> <span class='ocrx_word' id='word_1_204' title='bbox 793 4537 880 4610; x_wconf 89' lang='lat'><strong>11.</strong></span> <span class='ocrx_word' id='word_1_205' title='bbox 917 4536 1040 4608; x_wconf 73' lang='lat'><strong>72.</strong></span> <span class='ocrx_word' id='word_1_206' title='bbox 1094 4534 1579 4639; x_wconf 72' lang='grc' dir='ltr'><strong>ἀπεκρίναντο</strong></span> <span class='ocrx_word' id='word_1_207' title='bbox 1610 4533 1818 4633; x_wconf 73' lang='grc' dir='ltr'><strong>αὐτῷ</strong></span> <span class='ocrx_word' id='word_1_208' title='bbox 1847 4533 1969 4609; x_wconf 79' lang='grc' dir='ltr'><strong>ὅτι</strong></span> <span class='ocrx_word' id='word_1_209' title='bbox 1999 4526 2331 4609; x_wconf 73' lang='grc' dir='ltr'><strong>ἀδύνατα</strong></span> <span class='ocrx_word' id='word_1_210' title='bbox 2361 4532 2529 4630; x_wconf 76' lang='grc' dir='ltr'><strong><em>σφί-</em></strong></span> 
     </span>
    </p>
   </div>
  </div>
 </body>
</html>
