3259 5275
799 491 930 555 m
1025 451 1030 456 ’
1527 481 2265 545 ΕΜΕιιιιΑι-ιοιιεε

1007 677 1091 747 V.
1119 673 1292 746 166.
1341 673 1515 744 haec
1544 674 1893 768 leguntur·

911 831 1111 905 οὔπω
1138 828 1379 922 μῦθος
1410 829 1694 925 ἔληγεν,
1750 826 1796 900 ὃ
1824 823 1896 901 δ’
1923 820 2195 920 ἀγλαον
2225 824 2472 901 ὤπασε
2501 827 2777 926 μῆλον,

911 933 1233 1053 ἀγλαίης
1237 927 1637 1024 ἀνάθημα,
1690 933 1879 1024 μέγα
1909 932 2165 1051 κτέρας
2189 925 2703 1027 ἸΑφρογενειῃ,

910 1029 1272 1134 φυταλιην
1299 1036 1650 1126 πολέμοιο
1674 1080 1695 1117 ,
1745 1025 1969 1129 κακήν
1999 1035 2352 1128 πολέμοιο
2386 1034 2754 1130 γενέθλην.

806 1190 1121 1277 Quorum
1136 1209 1445 1257 versuum
1468 1186 1701 1253 ultimo
1727 1186 1892 1254 nihil
1921 1186 2086 1279 fingi
2101 1196 2328 1278 potest
2352 1185 2672 1278 putidius,
2729 1188 3004 1277 Aliquot

809 1294 1008 1365 codd.
1041 1301 1111 1361 et
1135 1290 1291 1360 edd.
1326 1300 1480 1358 vett.
1511 1284 1921 1385 φοιταλιήν.
2030 1288 2511 1358 scribendum:

909 1445 1300 1542 φοιταλέην
1327 1442 1680 1535 πολέμοιο
1709 1443 2286 1536 κακοπτολέμοιο
2315 1442 2686 1538 γενέθλην.

1011 1597 1096 1667 V.
1135 1594 1304 1666 176.
1357 1595 1555 1680 Quae
1582 1594 1697 1663 hic
1723 1618 1859 1663 non
1887 1593 2216 1663 adiuvisse
2241 1595 2567 1664 Iunonem
2601 1595 2848 1665 dicitur
2883 1622 3006 1668 σα·-

803 1703 982 1777 κέων
1017 1699 1382 1796 βασίλεια,
1420 1698 1542 1770 καὶ
1570 1700 1642 1770 εἰ
1667 1691 1890 1792 πυρός
1924 1698 2081 1769 ἔστι
2104 1724 2177 1769 τι
2190 1691 2394 1796 θήνη,
2438 1709 2514 1765 ut
2544 1698 2613 1767 in
2642 1699 2799 1772 cod.
2831 1697 3005 1768 Mut.

806 1829 939 1899 pro
967 1805 1246 1896 vulgato
1277 1800 1428 1874 ἐσσί
1461 1801 1803 1892 scriptum,
1854 1798 2208 1867 ridiculum
2228 1811 2422 1888 esset,
2474 1802 2528 1869 si
2556 1813 2674 1869 aut
2698 1801 3006 1871 Minerva

807 1917 1016 1998 esset,
1071 1917 1144 1974 ut
1183 1904 1538 1996 Lennepio
1579 1904 1831 1971 visum:
1886 1904 1999 1992 qui
2044 1903 2220 1971 enim
2257 1903 2464 1983 haec,
2522 1904 2636 1973 ubi
2666 1906 2813 1998 ipsa
2861 1906 3007 1973 vin-

809 2034 964 2080 cere
1013 2009 1322 2094 volebat,
1396 2006 1635 2075 Iunoni
1689 2006 2102 2074 conciliasset
2162 2007 2509 2075 victoriam
2524 2008 2559 2076 Ρ
2638 2019 2754 2076 aut
2808 2008 3006 2094 adeo,

804 2114 993 2236 quod
1025 2113 1284 2181 censori
1314 2108 1922 2202 Heidelbergensi
1905 2132 1972 2177 ιιι
1998 2117 2288 2178 mentem
2316 2110 2516 2197 venit,
2571 2112 2810 2179 coniux
2838 2112 3005 2180 vul-
3043 2143 3046 2150 ·

807 2219 957 2287 cani
993 2216 1246 2285 Gratia.
1332 2213 1535 2304 Enyo
1575 2223 1695 2298 est,
1748 2235 1951 2302 quam
1988 2211 2146 2280 dicit
2177 2223 2406 2306 poeta,
2455 2213 2676 2282 facem
2709 2223 3004 2307 gestans.

1014 2321 1124 2390 Ab
1182 2319 1439 2387 Iunone
1498 2316 1733 2384 transit
1775 2315 2000 2384 Venus
2054 2315 2143 2384 ad
2201 2315 2582 2388 Minervam
2628 2316 2733 2386 his
2783 2318 3006 2386 verbis

802 2448 865 2492 v.
886 2422 1060 2496 179.

908 2569 1033 2652 οἶοί
1063 2603 1147 2649 τε
1166 2567 1480 2657 κυδιάεις
1509 2567 1946 2668 ἀνεμώλιος,
1998 2566 2461 2698 Ἀτρυτώνη,

752 2728 759 2743 ,
906 2679 998 2800 ἣν
1024 2671 1254 2773 γάμος
1280 2673 1407 2750 οὐκ
1441 2679 1763 2798 ἔσπειρε
1752 2677 1873 2750 καὶ
1917 2674 2006 2750 οὐ
2033 2671 2418 2769 μαιώσατο
2444 2672 2719 2776 μήτηρ,

908 2774 1094 2856 ἀλλά
1123 2779 1438 2905 σιδηρείη
1458 2805 1538 2854 σε
1562 2807 1777 2900 ‘touq‘
1791 2779 1912 2851 καὶ
1934 2778 2092 2875 ρ’ίζα
2122 2772 2435 2904 σιδήρου

908 2876 1262 2980 πατρῴων
1300 2874 1698 2973 ἀλόχευτον
1726 2877 2220 3006 ἀνεβλάστησε
2251 2876 2596 2978 καρήνων.

911 2986 1033 3062 οἶα
1064 2988 1138 3060 δὲ
1170 2982 1559 3075 χαλκείοισι
1585 2987 2054 3082 καλυψαμένη
2083 2978 2269 3078 χρόα
2298 2986 2630 3074 πέπλοις,

906 3091 1030 3163 καὶ
1062 3082 1346 3207 φεύγεις
1376 3081 1742 3187 φιλότητα
1773 3087 1893 3159 και
1911 3085 2246 3182 Ἀρεος*
2202 3113 2377 3184 εργα
2412 3086 2723 3177 διώκεις,

906 3190 1252 3291 ἀρμονίης
1278 3185 1700 3279 ἀδίδακτος,
1751 3183 2262 3287 ὁμοφροσύνης
2288 3183 2653 3288 ἀδαήμων.

702 3335 805 3408 ῙΊ
820 3347 1177 3417 Bekkerus
1207 3345 1396 3436 signa
1423 3340 1842 3412 exclamandi
1869 3341 2095 3433 posuit
2120 3352 2282 3434 post
2307 3337 2732 3438 Ἀτρυτώνη
2759 3355 3007 3437 etpost

804 3453 1115 3530 πέπλοις.
1208 3448 1314 3516 Ea
1342 3447 1512 3514 ratio
1540 3447 1595 3516 si
1624 3468 1786 3514 vera
1813 3453 2007 3531 esset,
2056 3445 2125 3513 in
2152 3445 2384 3536 quinto
2413 3445 2661 3516 horum
2686 3470 3003 3517 versuum

804 3562 1029 3623 mente
1081 3550 1532 3643 repetendum
1598 3556 1774 3617 esset
1826 3539 2159 3628 κυδιάεις.
2260 3549 2356 3616 At
2403 3559 2548 3617 tum
2604 3559 2788 3619 certe
2846 3560 3005 3644 poa

801 3648 1230 3751 Ἀτρυτώνη
1265 3654 1533 3746 signum
1567 3651 1734 3720 illud
1773 3672 1910 3720 nou
1946 3658 2134 3719 recte
2162 3661 2546 3744 poneretur.
2650 3654 3003 3723 Deberem

658 3790 673 3803 ‚
806 3759 980 3828 enim
1025 3758 1387 3877 sententiae
1416 3757 1509 3824 ita
1545 3755 1946 3823 cohaerere.
1999 3751 2123 3826 οἶα
2158 3749 2511 3844 κυδιάεις,
2568 3753 2689 3830 ὅτι
2736 3783 2817 3830 σε
2860 3751 3000 3849 γά-

801 3886 939 3955 μος
969 3885 1098 3933 ουκ
1127 3861 1492 3955 ἔσπειρεν·
1545 3857 1667 3930 οἶα
1702 3859 1802 3941 δέ,
1857 3854 1979 3929 ὅτι
2015 3857 2339 3945 χαλκέοις
2373 3856 2622 3940 ὅπλοις
2654 3855 2996 3956 καλύπτη.

803 3962 948 4034 Sed
977 3986 1062 4032 ne
1089 3963 1183 4032 sic
1217 3962 1491 4054 quidem
1523 3961 1749 4030 omnia
1778 3968 1966 4029 recte
1990 3956 2465 4051 procederent.
2541 3963 2788 4052 Neque
2824 3963 2999 4031 enim

802 4077 965 4160 apte
1000 4065 1257 4134 adnexa
1307 4074 1537 4149 essent¹
1564 4065 1714 4153 illa,
1767 4090 1889 4135 και
1935 4087 2217 4158 φευγεις
2235 4056 2668 4185 .φιλο’τητα,
2722 4073 2794 4133 et
2825 4087 2996 4156 quae

800 4178 1199 4291 sequuntur,
1260 4190 1438 4258 quae
1488 4169 1761 4235 omnino
1802 4188 1923 4234 cur
1961 4166 2050 4234 ab
2088 4166 2288 4234 armis
2330 4168 2593 4260 potius,
2663 4190 2872 4258 quam
2909 4169 2994 4236 ab

801 4273 1056 4366 origine
1094 4269 1445 4340 M'mervae
1485 4269 1898 4355 deriventur,
1949 4291 2087 4337 non
2124 4281 2429 4362 apparet.
2532 4270 2719 4339 Nihil
2763 4280 2995 4363 posset

800 4373 1236 4468 reprehendi,
1287 4372 1343 4443 si
1366 4396 1499 4467 pro
1531 4372 1745 4440 altero
1779 4373 1906 4439 isto
1940 4371 2062 4444 οἶα
2097 4372 2281 4440 aliud
2321 4372 2520 4466 quid,
2573 4397 2635 4442 v.
2673 4398 2733 4446 c.
2776 4371 2993 4469 ‹impl›
3049 4416 3060 4429 ·

801 4481 1155 4572 legeretur.
1258 4477 1400 4548 Sed
1437 4499 1648 4568 quum
1670 4474 1938 4544 minime
1972 4485 2361 4568 suspectum
2388 4478 2472 4546 sit
2500 4475 2650 4568 οἶα,
2703 4477 2994 4570 positum
