3259 5275
888 395 1835 519 DISSERTATlO.
2337 466 2467 530 2⁸58

270 639 682 714 similimum.
788 640 898 710 Eo
936 642 1144 736 igitur
1185 642 1481 736 primum
1526 645 1820 715 referam
1861 649 2031 718 illud
2073 651 2257 744 apud
2299 653 2461 723 Ste-

268 743 562 836 phanum
594 744 770 835 Byz.
802 745 870 813 in
905 767 968 812 v.
997 743 1292 839 ”.·Λβιοι
1328 744 1693 840 Αἰσχύλος
1721 751 1796 825 δὲ
1821 752 2139 846 Γαβίους
2170 749 2297 828 om*
2324 757 2464 828 τοῦ

264 876 306 939 y
348 852 421 921 ἐν
449 850 775 943 λυομένῳ
805 852 1236 945 Προμηθεῖ·

359 1003 608 1074 ἔπειτα
649 996 721 1072 δ
749 998 896 1096 ἥξει
906 1000 1167 1123 δῆμον
1195 996 1679 1078 ἐνδικώτατον

359 1101 713 1198 [βροτῶν]
770 1097 1113 1177 ἁπάντων
1143 1103 1262 1177 καὶ
1290 1102 1911 1199 φιλοξενωτατον,

358 1205 706 1298 Γαβίους,
760 1201 867 1277 ἵν’
897 1203 1064 1278 οὔτ
1096 1205 1420 1303 ἄροτρον
1451 1206 1618 1281 οὔτε
1651 1204 1974 1303 γατόμος

355 1310 604 1400 τέμνει
632 1303 893 1383 δίκελλ
925 1306 1292 1405 αρουραν,
1337 1306 1497 1383 α’λλ
1532 1306 1988 1409 αὕτόσποροι

351 1404 521 1504 γύαι
553 1412 856 1509 φέρουσι
891 1410 1149 1504 βίοτον
1177 1410 1519 1508 αφθονον
1542 1421 1860 1511 βροτοῖς.

259 1565 338 1637 V.
374 1564 441 1638 l.
489 1567 635 1634 veri
680 1564 893 1634 simile
933 1573 1035 1633 est
1062 1573 1338 1657 poetam
1370 1563 1552 1664 ἥξεις
1594 1567 1976 1659 scripsisse,
2029 1568 2218 1659 quod
2245 1591 2454 1659 quum

259 1669 545 1742 Stauleio
568 1719 588 1756 ,
652 1678 798 1736 tum
845 1668 988 1736 aliis
1031 1668 1392 1760 probatum
1442 1681 1560 1742 est.
1669 1665 2206 1746 Ἐνδικῶτατον
2248 1695 2453 1765 prae-

257 1773 533 1842 buerunt
567 1772 778 1841 MSS.
815 1794 946 1864 pro
993 1772 1270 1863 vulgato
1309 1765 1896 1862 ἐνδικαιότατον,
1950 1785 2020 1843 et
2058 1786 2457 1866 reposuerat

258 1875 616 1961 Stauleins,
669 1874 786 1965 qui
835 1876 1035 1944 etiam
1081 1884 1350 1943 caetera
1396 1875 1778 1944 emendavit
1801 1923 1823 1962 ‚
1889 1878 2055 1964 nisi,
2107 1887 2182 1945 ut
2225 1902 2452 1972 saepe,

256 1979 469 2048 alienis
520 2002 681 2048 usus
740 1985 873 2046 est:
925 1979 1281 2069 legebatur
1329 1979 1606 2074 δικέλλῃ
1651 1987 1718 2047 et
1753 1979 1826 2046 in
1867 1928 2081 2053 MSS.
2127 1982 2453 2079 δικέλλης,

255 2090 386 2149 tum
430 2083 641 2175 γεάι,
707 2079 897 2171 quod
943 2070 1229 2149 Florens
1286 2080 1702 2150 Christianus
1748 2081 1816 2150 in
1866 2088 2071 2175 γαῖαι
2115 2085 2451 2153 mutabat.

254 2184 515 2254 Stauleii
545 2179 719 2278 γύαι
757 2184 1240 2252 confirmarunt
1269 2183 1468 2251 codd.
1573 2184 1652 2252 ln
1683 2183 1983 2254 secundo
2017 2209 2215 2256 versu
2246 2187 2450 2256 Stan-

255 2288 408 2357 leius
449 2286 779 2386 θνητῶν,
831 2287 1219 2356 Holstenius
1249 2282 1531 2383 ἀνδρῶν
1543 2342 1572 2375 ,
1625 2287 2106 2358 Valckenarius
2137 2288 2225 2358 ad
2254 2291 2451 2359 Ado-

253 2391 407 2460 niaz.
446 2415 520 2484 p.
577 2388 749 2460 217.
801 2390 1122 2463 Σκυθῶν
1167 2388 1554 2458 addendum
1602 2391 1972 2482 putabantz
2022 2390 2136 2461 hic
2174 2391 2453 2483 quidem

252 2516 430 2564 more
460 2515 590 2564 suo
615 2492 804 2585 quod
841 2493 984 2561 aliis
1031 2516 1223 2562 secus
1254 2492 1595 2562 videretur
1621 2495 1944 2586 probans.
2047 2494 2451 2588 Aeschylus,

253 2598 479 2687 credo,
530 2597 917 2669 Homerum
951 2597 1146 2688 sequi
1169 2597 1403 2666 maluit
1419 2650 1440 2686 ‚
1495 2596 1681 2666 cuius
1708 2607 1940 2668 notum
1969 2609 2146 2669 esset
2175 2599 2381 2690 illud,

344 2745 930 2847 Γλαιιτοφῶγων,
981 2746 1258 2845 Ἀβίων
1301 2778 1425 2839 τε,
1480 2745 1966 2826 δικαιοτάτων
2014 2746 2447 2852 ἀνθρώπων.

252 2905 566 2975 Additum
610 2905 942 2975 Abiorum
981 2903 1235 2972 nomini
1279 2931 1324 2996 y
1370 2904 1716 2998 digamma
1743 2928 1891 2976 esse
1929 2914 2250 2998 putarunt
2280 2906 2448 2975 Val-

254 3008 591 3078 ckenarius
604 3059 627 3095 ,
679 3009 990 3100 Toupius
1017 3007 1106 3075 ad
1139 3006 1329 3076 Suid.
1359 3008 1447 3078 T.
1471 3008 1592 3082 ΙΙΙ.
1620 3032 1693 3101 p.
1723 3008 1895 3078 493.
1922 3018 1991 3078 et
2018 3031 2257 3081 censor
2276 3008 2446 3077 Val-

253 3111 533 3181 ckenarii
569 3114 638 3181 in
672 3112 835 3180 bibl.
870 3111 1109 3204 philol.
1140 3109 1569 3204 Gottingensi
1584 3112 1719 3185 vol.
1736 3111 1855 3180 111.
1886 3136 1958 3205 p.
1995 3110 2165 3180 36⁰.
2217 3110 2446 3181 Scho-

251 3214 459 3286 liastes
486 3216 787 3285 Venetus
819 3212 909 3282 ad
936 3213 1127 3281 Iliad.
1169 3240 1234 3286 ν.
1263 3210 1333 3282 6.
1386 3205 1697 3295 τούτους
1724 3207 2087 3306 Αἰσχύλος
2125 3212 2447 3305 Γαβίους

256 3319 478 3413 φησίν.
584 3317 975 3387 Eustathius
982 3340 1090 3437 p.
1138 3313 1313 3401 916,
1366 3315 1486 3384 24.
1531 3315 1742 3407 (881,
1785 3314 1856 3386 8.
1908 3315 2014 3386 ed.
2067 3317 2257 3407 Bas.)
2299 3320 2447 3391 Αἰ-

252 3415 490 3510 σχύλος
533 3422 612 3495 δὲ
649 3420 872 3515 φασὶν
902 3412 1172 3500 αὐτους
1201 3418 1520 3500 Γαυίους
1547 3420 1792 3510 λέγει,
1843 3420 1960 3488 ubi
1993 3418 2446 3489 Hemsterhn-

250 3522 369 3592 sius
394 3525 464 3592 in
490 3523 798 3616 margine
825 3523 1166 3592 adnotavit
1199 3520 1519 3615 Γαβίους
1550 3521 1977 3591 scribendum
2010 3545 2177 3592 esse.
2280 3522 2444 3591 Me-

250 3626 503 3696 minisse
547 3627 746 3696 huius
789 3627 1028 3719 populi
1072 3626 1273 3693 etiam
1324 3623 1635 3693 Curtium
1672 3625 1822 3695 vu.
1863 3623 1935 3711 6,
1980 3623 2102 3699 11.
2158 3625 2251 3694 ad
2281 3625 2442 3694 Ste-

247 3727 536 3817 phanum
556 3730 872 3798 iudicavit
886 3729 1277 3821 Berglerus.
1332 3727 1654 3820 Aeschyli
1683 3751 1914 3798 versus
1940 3727 2159 3822 tetigit
2174 3728 2443 3798 Husch-

248 3827 428 3901 kias
410 3856 475 3901 ιιι
504 3835 813 3903 Analect.
846 3834 985 3905 crit.
1012 3855 1082 3925 p.
1113 3829 1235 3900 78.

390 3937 709 4027 Sequitur
732 3936 920 4028 quod
939 3935 1026 4006 de
1056 3934 1227 4003 Istro
1258 3934 1512 4003 dictum
1540 3934 1766 4002 retulit
1794 3894 2187 4002 scholiastes
2214 3932 2439 4026 Apol-

249 4035 394 4106 lonii
417 4040 673 4110 Rhodii
700 4039 792 4108 ad
820 4040 939 4113 lV.
981 4037 1154 4111 284.
1186 4065 1320 4110 τον
1336 4035 1633 4127 Ἴστρον
1663 4035 1910 4164 φησὶν·
1902 4041 1978 4110 ἐκ
2004 4064 2152 4108 των
2180 4032 2441 4159 ἱΥπερ-

247 4142 511 4267 βορέων
538 4146 1091 4238 καταφέρεσθαι
1128 4138 1249 4213 ναὶ
1291 4167 1438 4212 των
1466 4136 1825 4212 Ριπαίων
1868 4135 2078 4236 ὁρων
2125 4165 2315 4212 ουτω
2346 4138 2424 4212 δὲ
2442 4148 2540 4217 22

249 4235 433 4317 εἶπεν
465 4240 891 4319 ακολουθαῖν
903 4239 1240 4337 Αἰσχύλῳ
1273 4247 1349 4316 ἐν
1376 4242 1702 4337 λυομένῳ
1736 4246 2138 4339 Προμηθεῖ
2153 4241 2438 4333 λέγοντι

247 4344 483 4419 τοῦτο.
589 4350 828 4417 Paullo
875 4348 1049 4417 haec
1096 4347 1292 4415 aliter
1336 4346 1587 4438 scripta
1637 4345 1708 4413 in
1748 4343 1904 4417 cod.-
1940 4344 2148 4412 Paris.
2186 4344 2255 4411 in
2297 4364 2439 4432 quo

249 4448 318 4517 ἕν
348 4452 747 4546 Προμηθεῖ
770 4452 909 4521 siue
937 4451 1358 4544 cog-nomine.
1470 4447 1908 4540 comparanti
1943 4446 2439 4538 Hippocratem

338 4566 577 4641 Ηιιιιιιι.
632 4568 763 4639 01».
816 4570 931 4639 lv.
1969 4563 2022 4634 S
