3259 5275
752 495 880 560 282
1009 493 1125 553 DE
1171 489 1658 553 AESCHYLI
1702 489 2284 551 PROMETHEO
2330 489 2703 555 SOLVTO

961 681 1243 776 δεσμῶν
1273 679 1565 779 ἄριστος
1577 736 1606 771 ,
1660 686 1735 754 ἐκ
1771 680 2229 779 Προμηθέως
2254 674 2492 775 λόγου.

755 853 1063 946 Heynius
1119 852 1209 920 ad
1259 850 1762 944 Apollodorum
1806 851 2005 919 scribi
2052 852 2327 920 volebat
2381 859 2457 927 ἐκ
2510 857 2966 952 Προμηθέως

674 1037 683 1048 f
720 969 725 974 “
756 953 1012 1051 λύγου,
1067 956 1158 1023 ob
1193 979 1274 1024 ea
1317 978 1495 1044 quae
1528 955 1913 1025 Athenaeus
1949 955 2038 1023 de
2068 953 2462 1048 Caribus-p.
2508 955 2684 1030 672.
2721 970 2962 1028 narrat.

757 1061 901 1133 Sed
930 1068 1115 1128 recte
1146 1060 1208 1127 ei
1229 1059 1769 1127 contradixerunt
1787 1057 2475 1150 Schweighaeuserus
2503 1070 2572 1129 et
2598 1061 2965 1150 Iacobsius‚

753 1166 865 1234 hic
913 1162 1188 1255 quidem
1226 1162 1296 1230 iii
1337 1163 1517 1231 Diar.
1566 1162 1690 1231 litt.
1738 1162 2143 1231 Halensibus
2188 1163 2345 1231 loco
2388 1185 2596 1256 supra
2628 1165 2964 1234 indicato:

753 1289 911 1338 nam
955 1267 1240 1334 viminea
1288 1289 1536 1335 corona
1577 1265 1830 1335 Carum
1866 1266 2144 1358 propria
2189 1274 2367 1354 erat,
2418 1290 2547 1336 nec
2579 1269 2967 1360 pertinebat

754 1371 846 1441 ad
874 1369 1378 1459 Prometheum,
1417 1382 1494 1437 ut
1523 1371 1672 1461 ipsa
1697 1369 1810 1438 illa
1833 1368 2170 1438 Athenaei
2197 1372 2486 1438 narratio
2515 1371 2736 1460 docet.
2795 1374 2964 1442 Pot-

755 1484 946 1546 erant
980 1496 1157 1542 vero
1203 1473 1506 1541 eiusdem
1551 1474 1897 1565 scriptoris
1941 1474 2143 1541 etiam
2183 1472 2289 1541 his
2335 1474 2557 1542 verbis
2604 1476 2735 1564 uti,
2790 1499 2964 1566 quae

754 1578 1263 1670 adscripsimus:
1315 1600 1469 1645 nam
1503 1577 1555 1644 si
1602 1570 1822 1668 λύγου
1850 1599 2087 1644 verum
2114 1585 2291 1645 esset
2313 1628 2334 1664 ‚
2387 1600 2521 1645 non
2547 1579 2824 1670 poterat
2853 1581 2963 1648 ille

749 1680 997 1756 καίτοι
1031 1681 1292 1749 dicere:
1345 1681 1748 1748 consentiret
1787 1680 1964 1748 enim
1996 1703 2226 1748 secum
2257 1679 2657 1771 Aeschylus.
2764 1685 2961 1752 Nunc

748 1786 861 1855 ille
906 1785 975 1852 in
1025 1783 1338 1877 Sphinge
1388 1783 1524 1852 hoc
1579 1783 1805 1852 dicere
1845 1782 2142 1871 videtur,
2209 1783 2623 1853 Prometheo
2685 1799 2961 1856 auctore

751 1889 1081 1981 optimum
1113 1886 1370 1985 hospiti
1401 1887 1740 1954 vinculum
1778 1910 1924 1955 esse
1967 1909 2308 1958 coronam.
2416 1887 2691 1958 Scilicet
2727 1892 2958 1982 provi-

752 1991 1017 2062 dentiae
1053 1999 1188 2077 est,
1242 1990 1433 2080 quasi
1477 1990 1744 2059 vinculo
1780 1990 2081 2081 quodam
2110 1989 2235 2058 sibi
2271 1987 2615 2082 hospitem
2656 1994 2956 2061 obstrin-

748 2118 938 2190 gere.
1045 2093 1430 2185 Στέφανος
1476 2092 1544 2161 ἰιι
1587 2093 1886 2162 versibus
1925 2094 2050 2162 illis
2092 2116 2240 2214 pro·
2270 2094 2595 2162 librorum
2628 2098 2956 2189 scriptura

750 2200 1117 2295 στέφανον
1163 2194 1354 2265 dedit
1406 2195 1702 2266 Grotius,
1809 2197 2083 2288 Heynio
2127 2197 2245 2285 qui
2290 2198 2767 2287 assentiuntur,
2820 2201 2954 2268 mi-

719 2303 948 2371 'rabar
989 2298 1171 2368 unde
1208 2298 1542 2368 habereiit
1580 2294 2153 2399 οἱκραιοστεφής,
2207 2299 2395 2390 quod
2440 2303 2676 2393 capitis
2707 2312 2956 2372 sertum

749 2404 1193 2498 significaret,
1266 2425 1398 2495 pro
1455 2398 1766 2498 ἀρχαῖον
1820 2405 2123 2498 στέφος,
2184 2426 2402 2494 usque
2462 2403 2624 2474 dum
2685 2406 2952 2477 fabrum

740 2508 942 2579 huius
992 2506 1184 2576 verbi
1220 2506 1531 2600 cognovi.

949 2643 1361 2715 scholiastes
1400 2644 1708 2715 Aristidis
1757 2666 1799 2711 a
1830 2643 2243 2713 Frommelio
2283 2644 2501 2713 editus
2543 2669 2617 2738 p.
2651 2644 2825 2715 191.
2864 2641 2955 2720 vo*

745 2745 1009 2829 δειλίας
1048 2752 1121 2831 ἐξ
1164 2750 1492 2830 Αἴαντος
1532 2746 1673 2820 τοῦ
1710 2741 2273 2872 μαστιγοφόρου
2315 2751 2810 2846 Σοφοκλέους,
2863 2743 2955 2823 vd

743 2850 1139 3053 ἕέσριΐιᾶῆς
1188 2855 1263 2925 ἐκ
1317 2849 1777 2946 Σιμωνίδου·
1842 2849 1960 2922 καὶ
2003 2845 2366 2943 Αἰσχύλος
2418 2856 2495 2927 ἐν
2558 2857 2959 2950 Προμηθεῖ

946 3112 1236 3190 πολλοῖς
1271 3099 1412 3204 γάρ
1448 3110 1601 3180 ἐστι
1631 3104 1950 3203 κέρδοςὴ
1986 3102 2153 3202 σιγή
2185 3113 2501 3205 βροτοῖς.

738 3263 808 3332 N
809 3284 901 3331 on
939 3261 1188 3355 legitur
1229 3259 1344 3330 hic
1378 3282 1608 3329 versus
1638 3258 1709 3328 in
1733 3259 1998 3328 Vincto.
2103 3259 2250 3328 Sed
2284 3261 2355 3329 in
2387 3260 2724 3353 lgnifero‚
2778 3261 2948 3330 Gei-

740 3367 833 3437 lio
855 3374 1025 3436 teste
1053 3366 1240 3489 xlii.
1277 3362 1398 3434 18.
1459 3363 1655 3454 (edd.
1691 3372 1851 3431 vett.
1887 3361 2050 3454 17.)
2103 3362 2263 3432 fuit:

949 3518 1160 3612 σιγᾶν
1184 3514 1279 3594 θ’
1310 3516 1497 3592 ὅπου
1521 3520 1636 3590 δεῖ
1656 3515 1776 3589 καὶ
1801 3517 2033 3609 λέγειν
2063 3509 2165 3588 τοὶ
2194 3515 2469 3615 καίρια.

738 3672 970 3742 Altera
1008 3673 1122 3741 illa
1172 3669 1499 3742 sententia
1541 3668 1840 3739 similiter
1886 3668 2065 3738 dicta
2109 3668 2376 3740 Carcini
2417 3668 2721 3740 versibus
2767 3668 2947 3764 apud

739 3774 1109 3845 Stobaeum
1140 3785 1353 3846 exstat
1383 3776 1604 3845 Serm.
1631 3771 1952 3845 xxxm.
1990 3772 2057 3840 1.

948 3935 1237 4011 πολλοῖς
1263 3956 1403 4052 γαρ
1432 3921 1898 4024 ἀνθρώποισι
1930 3919 2321 4049 φάρμακον
2354 3953 2591 3999 naxon*

947 4027 1147 4127 σιγή·
1199 4026 1524 4125 μάλιστα
1563 4026 1636 4104 δ’
1673 4028 1824 4105 ἐστὶ
1858 4022 2229 4127 σώφρονος
2266 4023 2574 4127 τρόπου.

893 4185 1280 4255 Eustathius
1311 4183 1400 4254 ad
1433 4183 1624 4257 iliad.
1661 4212 1718 4256 ε.
1749 4206 1820 4275 p.
1842 4179 2020 4272 600,
2046 4180 2169 4250 43.
2202 4178 2414 4274 (457,
2449 4176 2608 4275 29.)
2644 4182 2940 4277 σχίσμα-

739 4319 836 4364 τα
891 4284 1030 4385 γάρ
1083 4318 1253 4363 τινα
1295 4286 1415 4362 καὶ
1472 4293 1545 4360 οἱ
1585 4279 1943 4375 θύσανοι,
2002 4283 2183 4359 ὅθεν
2227 4280 2715 4382 ἄρειθύσανοι
2761 4311 2936 4358 κατα

637 4399 741 4467 30
759 4391 1193 4467 Παυσανίαν
1224 4390 1490 4489 ”Apsos
1540 4383 1896 4471 θύσανοι,
1949 4386 2108 4462 οἷον
2151 4384 2715 4484 ἁποσχίσματα,
2767 4413 2908 4480 παρ

739 4490 1079 4592 Αἰσχυλῳ
1118 4499 1193 4570 ἐν
1239 4499 1637 4592 Προμηθεῖ
1662 4492 2008 4587 λυομένῳ.
2073 4492 2191 4561 Bis
2234 4491 2413 4561 lianc
2457 4515 2702 4561 vocem
2743 4491 2935 4559 habet
