<?xml version="1.0" encoding="UTF-8"?>
<!DOCTYPE html PUBLIC "-//W3C//DTD XHTML 1.0 Transitional//EN"
    "http://www.w3.org/TR/xhtml1/DTD/xhtml1-transitional.dtd">
<html xmlns="http://www.w3.org/1999/xhtml" xml:lang="en" lang="en">
 <head>
  <title>
</title>
<meta http-equiv="Content-Type" content="text/html;charset=utf-8" />
  <meta name='ocr-system' content='tesseract 3.04.00' />
  <meta name='ocr-capabilities' content='ocr_page ocr_carea ocr_par ocr_line ocrx_word'/>
</head>
<body>
  <div class='ocr_page' id='page_1' title='image "./godofrediherman03fritgoog_0192.png"; bbox 0 0 3259 5275; ppageno 0'>
   <div class='ocr_carea' id='block_1_1' title="bbox 770 412 2330 491">
    <p class='ocr_par' dir='ltr' id='par_1_1' title="bbox 770 412 2330 491">
     <span class='ocr_line' id='line_1_1' title="bbox 770 412 2330 491; baseline 0.005 -16"><span class='ocrx_word' id='word_1_1' title='bbox 770 428 896 491; x_wconf 62' lang='grc' dir='ltr'><strong>ηρ</strong></span> <span class='ocrx_word' id='word_1_2' title='bbox 1439 419 1560 481; x_wconf 74' lang='grc' dir='ltr'><strong>οε</strong></span> <span class='ocrx_word' id='word_1_3' title='bbox 1638 417 2193 481; x_wconf 73' lang='grc' dir='ltr'><strong>ΡΔιιΤιονιΑ</strong></span> <span class='ocrx_word' id='word_1_4' title='bbox 2237 412 2330 483; x_wconf 64' lang='grc' dir='ltr'><strong>ἂν</strong></span> 
     </span>
    </p>
   </div>
   <div class='ocr_carea' id='block_1_2' title="bbox 977 602 2988 1014">
    <p class='ocr_par' dir='ltr' id='par_1_2' title="bbox 977 602 2984 785">
     <span class='ocr_line' id='line_1_2' title="bbox 977 602 2984 708; baseline 0 -22"><span class='ocrx_word' id='word_1_5' title='bbox 977 609 1021 708; x_wconf 83' lang='grc' dir='ltr'><em>ἦ</em></span> <span class='ocrx_word' id='word_1_6' title='bbox 1078 638 1165 686; x_wconf 82' lang='lat' dir='ltr'><strong>ov</strong></span> <span class='ocrx_word' id='word_1_7' title='bbox 1220 605 1311 707; x_wconf 81' lang='grc' dir='ltr'><strong>δη</strong></span> <span class='ocrx_word' id='word_1_8' title='bbox 1372 602 1684 732; x_wconf 67' lang='lat' dir='ltr'><strong>Pn&#39;ng2·</strong></span> <span class='ocrx_word' id='word_1_9' title='bbox 1791 609 1952 681; x_wconf 85' lang='lat' dir='ltr'><strong>OA.</strong></span> <span class='ocrx_word' id='word_1_10' title='bbox 2021 608 2385 690; x_wconf 72' lang='grc' dir='ltr'><em>κατέκτας.</em></span> <span class='ocrx_word' id='word_1_11' title='bbox 2492 612 2737 684; x_wconf 88' lang='grc' dir='ltr'><strong>ΧΟΡ.</strong></span> <span class='ocrx_word' id='word_1_12' title='bbox 2809 607 2984 685; x_wconf 77' lang='grc' dir='ltr'><strong>α’λλοῖ</strong></span> 
     </span>
     <span class='ocr_line' id='line_1_3' title="bbox 1431 705 2167 785; baseline -0.001 -1"><span class='ocrx_word' id='word_1_13' title='bbox 1431 739 1566 784; x_wconf 81' lang='grc' dir='ltr'><strong>τον</strong></span> <span class='ocrx_word' id='word_1_14' title='bbox 1613 705 2012 785; x_wconf 74' lang='grc' dir='ltr'><strong><em>κτενοῦντα</em></strong></span> <span class='ocrx_word' id='word_1_15' title='bbox 2068 737 2167 783; x_wconf 77' lang='grc' dir='ltr'><strong>σε.</strong></span> 
     </span>
    </p>

    <p class='ocr_par' dir='ltr' id='par_1_3' title="bbox 991 808 2988 1014">
     <span class='ocr_line' id='line_1_4' title="bbox 991 808 2988 906; baseline -0.003 -19"><span class='ocrx_word' id='word_1_16' title='bbox 991 817 1154 889; x_wconf 90' lang='grc' dir='ltr'><strong>ΟΔ.</strong></span> <span class='ocrx_word' id='word_1_17' title='bbox 1207 817 1363 906; x_wconf 77' lang='grc' dir='ltr'><strong><em>ἴσχε</em></strong></span> <span class='ocrx_word' id='word_1_18' title='bbox 1414 815 1551 896; x_wconf 82' lang='grc' dir='ltr'><strong>πᾶς</strong></span> <span class='ocrx_word' id='word_1_19' title='bbox 1600 841 1734 893; x_wconf 75' lang='grc' dir='ltr'><strong>τις·</strong></span> <span class='ocrx_word' id='word_1_20' title='bbox 1835 819 2078 889; x_wconf 89' lang='grc' dir='ltr'><strong>ΧΟΡ.</strong></span> <span class='ocrx_word' id='word_1_21' title='bbox 2133 810 2222 887; x_wconf 77' lang='grc' dir='ltr'><strong>οὐ</strong></span> <span class='ocrx_word' id='word_1_22' title='bbox 2270 812 2408 906; x_wconf 79' lang='grc' dir='ltr'><strong>μὲν</strong></span> <span class='ocrx_word' id='word_1_23' title='bbox 2463 808 2616 887; x_wconf 77' lang='grc' dir='ltr'><strong>οὖν.</strong></span> <span class='ocrx_word' id='word_1_24' title='bbox 2703 818 2871 890; x_wconf 89' lang='grc' dir='ltr'><strong>ΟΔ.</strong></span> <span class='ocrx_word' id='word_1_25' title='bbox 2918 814 2988 902; x_wconf 76' lang='grc' dir='ltr'><strong>ἆ,</strong></span> 
     </span>
     <span class='ocr_line' id='line_1_5' title="bbox 1431 915 2451 1014; baseline -0.002 -23"><span class='ocrx_word' id='word_1_26' title='bbox 1431 917 1678 1014; x_wconf 81' lang='grc' dir='ltr'><strong><em>φίλιον</em></strong></span> <span class='ocrx_word' id='word_1_27' title='bbox 1729 915 1961 1012; x_wconf 76' lang='grc' dir='ltr'><em>ἄνδρα</em></span> <span class='ocrx_word' id='word_1_28' title='bbox 2013 944 2118 1014; x_wconf 88' lang='grc' dir='ltr'><strong>μη</strong></span> <span class='ocrx_word' id='word_1_29' title='bbox 2172 922 2451 1000; x_wconf 57' lang='lat' dir='ltr'><strong>&amp;wem</strong></span> 
     </span>
    </p>
   </div>
   <div class='ocr_carea' id='block_1_3' title="bbox 701 1069 2995 4052">
    <p class='ocr_par' dir='ltr' id='par_1_4' title="bbox 701 1069 2995 4052">
     <span class='ocr_line' id='line_1_6' title="bbox 768 1069 2989 1162; baseline -0.001 -19"><span class='ocrx_word' id='word_1_30' title='bbox 768 1075 1063 1143; x_wconf 87' lang='lat' dir='ltr'><strong>Multum</strong></span> <span class='ocrx_word' id='word_1_31' title='bbox 1096 1071 1184 1140; x_wconf 88' lang='lat' dir='ltr'><strong>ab</strong></span> <span class='ocrx_word' id='word_1_32' title='bbox 1214 1069 1322 1139; x_wconf 90' lang='lat' dir='ltr'><strong>his</strong></span> <span class='ocrx_word' id='word_1_33' title='bbox 1360 1070 1589 1140; x_wconf 85' lang='lat' dir='ltr'><strong>diflert</strong></span> <span class='ocrx_word' id='word_1_34' title='bbox 1612 1071 1780 1139; x_wconf 89' lang='lat' dir='ltr'><strong>illud</strong></span> <span class='ocrx_word' id='word_1_35' title='bbox 1805 1070 2102 1138; x_wconf 81' lang='lat' dir='ltr'><strong>Platonis</strong></span> <span class='ocrx_word' id='word_1_36' title='bbox 2132 1070 2200 1137; x_wconf 90' lang='lat' dir='ltr'><strong>in</strong></span> <span class='ocrx_word' id='word_1_37' title='bbox 2228 1069 2450 1149; x_wconf 84' lang='lat' dir='ltr'><strong>Alcib.</strong></span> <span class='ocrx_word' id='word_1_38' title='bbox 2485 1069 2541 1142; x_wconf 91' lang='lat' dir='ltr'><strong>l.</strong></span> <span class='ocrx_word' id='word_1_39' title='bbox 2578 1094 2653 1162; x_wconf 80' lang='grc' dir='ltr'><strong>Ρ.</strong></span> <span class='ocrx_word' id='word_1_40' title='bbox 2689 1069 2862 1138; x_wconf 82' lang='lat'><strong>122.</strong></span> <span class='ocrx_word' id='word_1_41' title='bbox 2904 1071 2989 1140; x_wconf 78' lang='lat' dir='ltr'><strong>l).</strong></span> 
     </span>
     <span class='ocr_line' id='line_1_7' title="bbox 772 1167 2991 1269; baseline -0.001 -18"><span class='ocrx_word' id='word_1_42' title='bbox 772 1181 835 1251; x_wconf 81' lang='grc' dir='ltr'><strong>εἰ</strong></span> <span class='ocrx_word' id='word_1_43' title='bbox 883 1173 956 1251; x_wconf 78' lang='grc' dir='ltr'><strong>δ’</strong></span> <span class='ocrx_word' id='word_1_44' title='bbox 990 1171 1086 1247; x_wconf 80' lang='grc' dir='ltr'><strong>αὖ</strong></span> <span class='ocrx_word' id='word_1_45' title='bbox 1110 1203 1189 1247; x_wconf 82' lang='grc' dir='ltr'><strong>τι</strong></span> <span class='ocrx_word' id='word_1_46' title='bbox 1231 1174 1350 1245; x_wconf 77' lang='grc' dir='ltr'><strong>καὶ</strong></span> <span class='ocrx_word' id='word_1_47' title='bbox 1386 1172 1676 1268; x_wconf 76' lang='grc' dir='ltr'><strong><em>πλούτῳ</em></strong></span> <span class='ocrx_word' id='word_1_48' title='bbox 1710 1174 2068 1269; x_wconf 77' lang='grc' dir='ltr'><strong><em>προςέχεις</em></strong></span> <span class='ocrx_word' id='word_1_49' title='bbox 2104 1172 2222 1245; x_wconf 78' lang='grc' dir='ltr'><strong>καὶ</strong></span> <span class='ocrx_word' id='word_1_50' title='bbox 2244 1167 2444 1245; x_wconf 61' lang='lat' dir='ltr'><strong>‘aaron‘</strong></span> <span class='ocrx_word' id='word_1_51' title='bbox 2476 1175 2702 1245; x_wconf 80' lang='grc' dir='ltr'><strong><em>τοῦτο</em></strong></span> <span class='ocrx_word' id='word_1_52' title='bbox 2737 1176 2879 1246; x_wconf 81' lang='grc' dir='ltr'><strong><em>οἴει</em></strong></span> <span class='ocrx_word' id='word_1_53' title='bbox 2917 1202 2991 1248; x_wconf 79' lang='grc' dir='ltr'><strong>τι</strong></span> 
     </span>
     <span class='ocr_line' id='line_1_8' title="bbox 770 1269 2991 1375; baseline -0.002 -23"><span class='ocrx_word' id='word_1_54' title='bbox 770 1278 988 1367; x_wconf 77' lang='grc' dir='ltr'><strong>εἶναι,</strong></span> <span class='ocrx_word' id='word_1_55' title='bbox 1042 1277 1226 1375; x_wconf 80' lang='grc' dir='ltr'><em>μηδὲ</em></span> <span class='ocrx_word' id='word_1_56' title='bbox 1250 1276 1475 1348; x_wconf 80' lang='grc' dir='ltr'><strong><em>τοῦτο</em></strong></span> <span class='ocrx_word' id='word_1_57' title='bbox 1503 1276 1594 1349; x_wconf 74' lang='grc' dir='ltr'><strong>ἄν</strong></span> <span class='ocrx_word' id='word_1_58' title='bbox 1626 1275 1803 1373; x_wconf 82' lang='grc' dir='ltr'><strong><em>ἡμῖν</em></strong></span> <span class='ocrx_word' id='word_1_59' title='bbox 1834 1274 2150 1372; x_wconf 78' lang='grc' dir='ltr'><strong><em>ἅρῤητον</em></strong></span> <span class='ocrx_word' id='word_1_60' title='bbox 2174 1276 2378 1357; x_wconf 80' lang='grc' dir='ltr'><em>ἔστω,</em></span> <span class='ocrx_word' id='word_1_61' title='bbox 2433 1269 2560 1349; x_wconf 74' lang='grc' dir='ltr'><strong>ἐάν</strong></span> <span class='ocrx_word' id='word_1_62' title='bbox 2587 1303 2731 1355; x_wconf 86' lang='grc' dir='ltr'><strong>πως</strong></span> <span class='ocrx_word' id='word_1_63' title='bbox 2765 1279 2991 1374; x_wconf 76' lang='grc' dir='ltr'><em>αἴσθῃ</em></span> 
     </span>
     <span class='ocr_line' id='line_1_9' title="bbox 771 1378 2995 1470; baseline -0.004 -14"><span class='ocrx_word' id='word_1_64' title='bbox 771 1380 861 1457; x_wconf 84' lang='grc' dir='ltr'><strong>οὗ</strong></span> <span class='ocrx_word' id='word_1_65' title='bbox 900 1379 985 1455; x_wconf 78' lang='grc' dir='ltr'><strong>εἷ.</strong></span> <span class='ocrx_word' id='word_1_66' title='bbox 1042 1382 1473 1470; x_wconf 81' lang='lat' dir='ltr'><strong>Quamquam</strong></span> <span class='ocrx_word' id='word_1_67' title='bbox 1507 1403 1658 1448; x_wconf 88' lang='lat' dir='ltr'><strong>eam</strong></span> <span class='ocrx_word' id='word_1_68' title='bbox 1685 1380 2082 1469; x_wconf 79' lang='lat' dir='ltr'>scripturam</span> <span class='ocrx_word' id='word_1_69' title='bbox 2111 1401 2195 1447; x_wconf 82' lang='lat' dir='ltr'><strong>ex</strong></span> <span class='ocrx_word' id='word_1_70' title='bbox 2225 1378 2516 1447; x_wconf 79' lang='lat' dir='ltr'><strong>editione</strong></span> <span class='ocrx_word' id='word_1_71' title='bbox 2549 1380 2995 1448; x_wconf 86' lang='lat' dir='ltr'><strong>Laemariana</strong></span> 
     </span>
     <span class='ocr_line' id='line_1_10' title="bbox 768 1482 2994 1580; baseline -0 -27"><span class='ocrx_word' id='word_1_72' title='bbox 768 1493 1224 1580; x_wconf 81' lang='lat' dir='ltr'>propagatam</span> <span class='ocrx_word' id='word_1_73' title='bbox 1256 1506 1435 1571; x_wconf 86' lang='lat' dir='ltr'><strong>esse,</strong></span> <span class='ocrx_word' id='word_1_74' title='bbox 1490 1507 1531 1551; x_wconf 88' lang='lat' dir='ltr'><strong>a</strong></span> <span class='ocrx_word' id='word_1_75' title='bbox 1555 1484 1966 1552; x_wconf 90' lang='lat' dir='ltr'><strong>Buttmanno</strong></span> <span class='ocrx_word' id='word_1_76' title='bbox 1993 1483 2320 1550; x_wconf 89' lang='lat' dir='ltr'><strong>monitum</strong></span> <span class='ocrx_word' id='word_1_77' title='bbox 2352 1491 2453 1550; x_wconf 86' lang='lat' dir='ltr'><strong>est</strong></span> <span class='ocrx_word' id='word_1_78' title='bbox 2478 1482 2546 1549; x_wconf 91' lang='lat' dir='ltr'><strong>in</strong></span> <span class='ocrx_word' id='word_1_79' title='bbox 2572 1483 2994 1574; x_wconf 79' lang='lat' dir='ltr'><strong>praefatione</strong></span> 
     </span>
     <span class='ocr_line' id='line_1_11' title="bbox 768 1585 2993 1679; baseline -0.001 -21"><span class='ocrx_word' id='word_1_80' title='bbox 768 1591 860 1658; x_wconf 88' lang='lat' dir='ltr'><strong>ad</strong></span> <span class='ocrx_word' id='word_1_81' title='bbox 889 1589 1007 1661; x_wconf 88' lang='lat' dir='ltr'><strong>lv.</strong></span> <span class='ocrx_word' id='word_1_82' title='bbox 1042 1587 1468 1679; x_wconf 85' lang='lat' dir='ltr'><strong>dialogorum</strong></span> <span class='ocrx_word' id='word_1_83' title='bbox 1498 1586 1605 1655; x_wconf 89' lang='lat' dir='ltr'><strong>ed.</strong></span> <span class='ocrx_word' id='word_1_84' title='bbox 1639 1594 1946 1675; x_wconf 80' lang='lat' dir='ltr'><strong>quartam</strong></span> <span class='ocrx_word' id='word_1_85' title='bbox 1972 1610 2041 1676; x_wconf 89' lang='lat' dir='ltr'><strong>p.</strong></span> <span class='ocrx_word' id='word_1_86' title='bbox 2080 1585 2194 1657; x_wconf 87' lang='lat' dir='ltr'><strong>lv.</strong></span> <span class='ocrx_word' id='word_1_87' title='bbox 2228 1609 2438 1675; x_wconf 89' lang='lat' dir='ltr'><strong>quum</strong></span> <span class='ocrx_word' id='word_1_88' title='bbox 2466 1609 2686 1675; x_wconf 89' lang='lat' dir='ltr'><strong>neque</strong></span> <span class='ocrx_word' id='word_1_89' title='bbox 2721 1587 2993 1655; x_wconf 85' lang='lat' dir='ltr'><strong>codices</strong></span> 
     </span>
     <span class='ocr_line' id='line_1_12' title="bbox 766 1688 2991 1783; baseline -0.001 -22"><span class='ocrx_word' id='word_1_90' title='bbox 766 1716 895 1761; x_wconf 89' lang='lat' dir='ltr'><strong>nec</strong></span> <span class='ocrx_word' id='word_1_91' title='bbox 936 1691 1195 1783; x_wconf 82' lang='lat' dir='ltr'><strong>priores</strong></span> <span class='ocrx_word' id='word_1_92' title='bbox 1242 1689 1399 1759; x_wconf 88' lang='lat' dir='ltr'><strong>edd.</strong></span> <span class='ocrx_word' id='word_1_93' title='bbox 1445 1689 1536 1761; x_wconf 74' lang='grc' dir='ltr'><strong>ἄν</strong></span> <span class='ocrx_word' id='word_1_94' title='bbox 1579 1688 1899 1761; x_wconf 78' lang='lat' dir='ltr'><strong>habeant.</strong></span> <span class='ocrx_word' id='word_1_95' title='bbox 2007 1688 2152 1757; x_wconf 87' lang='lat' dir='ltr'><strong>Sed</strong></span> <span class='ocrx_word' id='word_1_96' title='bbox 2193 1688 2542 1757; x_wconf 87' lang='lat' dir='ltr'><strong>fatendum</strong></span> <span class='ocrx_word' id='word_1_97' title='bbox 2597 1699 2699 1757; x_wconf 89' lang='lat' dir='ltr'><strong>est</strong></span> <span class='ocrx_word' id='word_1_98' title='bbox 2740 1698 2991 1777; x_wconf 89' lang='lat' dir='ltr'><strong>tamen,</strong></span> 
     </span>
     <span class='ocr_line' id='line_1_13' title="bbox 766 1791 2993 1892; baseline -0.002 -28"><span class='ocrx_word' id='word_1_99' title='bbox 766 1798 1065 1889; x_wconf 86' lang='lat' dir='ltr'><strong>potuisse</strong></span> <span class='ocrx_word' id='word_1_100' title='bbox 1104 1791 1304 1881; x_wconf 90' lang='lat' dir='ltr'><strong>addi,</strong></span> <span class='ocrx_word' id='word_1_101' title='bbox 1357 1802 1432 1861; x_wconf 91' lang='lat' dir='ltr'><strong>ut</strong></span> <span class='ocrx_word' id='word_1_102' title='bbox 1457 1792 1645 1881; x_wconf 90' lang='lat' dir='ltr'><strong>quod</strong></span> <span class='ocrx_word' id='word_1_103' title='bbox 1678 1810 1813 1860; x_wconf 91' lang='lat' dir='ltr'><strong>non</strong></span> <span class='ocrx_word' id='word_1_104' title='bbox 1839 1791 1930 1859; x_wconf 91' lang='lat' dir='ltr'><strong>ad</strong></span> <span class='ocrx_word' id='word_1_105' title='bbox 1970 1791 2474 1883; x_wconf 82' lang='lat' dir='ltr'><strong>imperativum,</strong></span> <span class='ocrx_word' id='word_1_106' title='bbox 2527 1792 2649 1861; x_wconf 86' lang='lat' dir='ltr'><strong>sed</strong></span> <span class='ocrx_word' id='word_1_107' title='bbox 2685 1793 2775 1860; x_wconf 90' lang='lat' dir='ltr'><strong>ad</strong></span> <span class='ocrx_word' id='word_1_108' title='bbox 2810 1793 2993 1892; x_wconf 74' lang='grc' dir='ltr'><strong><em>μηδὲ</em></strong></span> 
     </span>
     <span class='ocr_line' id='line_1_14' title="bbox 768 1894 2990 1989; baseline -0.004 -17"><span class='ocrx_word' id='word_1_109' title='bbox 768 1899 994 1972; x_wconf 75' lang='grc' dir='ltr'><strong><em>τοῦτο</em></strong></span> <span class='ocrx_word' id='word_1_110' title='bbox 1039 1898 1389 1989; x_wconf 79' lang='lat' dir='ltr'><strong>pertineat.</strong></span> <span class='ocrx_word' id='word_1_111' title='bbox 1496 1895 1706 1964; x_wconf 87' lang='lat' dir='ltr'><strong>Plane</strong></span> <span class='ocrx_word' id='word_1_112' title='bbox 1736 1897 1830 1964; x_wconf 90' lang='lat' dir='ltr'><strong>ita</strong></span> <span class='ocrx_word' id='word_1_113' title='bbox 1871 1895 2188 1983; x_wconf 84' lang='lat' dir='ltr'><strong>loquutus</strong></span> <span class='ocrx_word' id='word_1_114' title='bbox 2234 1894 2559 1988; x_wconf 91' lang='lat' dir='ltr'><strong>Metopus</strong></span> <span class='ocrx_word' id='word_1_115' title='bbox 2603 1897 2795 1988; x_wconf 88' lang='lat' dir='ltr'><strong>apud</strong></span> <span class='ocrx_word' id='word_1_116' title='bbox 2828 1898 2990 1965; x_wconf 90' lang='lat' dir='ltr'><strong>Sto-</strong></span> 
     </span>
     <span class='ocr_line' id='line_1_15' title="bbox 767 1995 2989 2120; baseline 0 -50"><span class='ocrx_word' id='word_1_117' title='bbox 767 2000 1105 2073; x_wconf 86' lang='lat' dir='ltr'><strong>baeuml.</strong></span> <span class='ocrx_word' id='word_1_118' title='bbox 1152 1998 1276 2072; x_wconf 79' lang='lat'><strong>64.</strong></span> <span class='ocrx_word' id='word_1_119' title='bbox 1311 2023 1386 2120; x_wconf 85' lang='lat' dir='ltr'><strong>p.</strong></span> <span class='ocrx_word' id='word_1_120' title='bbox 1422 1999 1493 2085; x_wconf 90' lang='lat'><strong>7,</strong></span> <span class='ocrx_word' id='word_1_121' title='bbox 1522 1999 1643 2070; x_wconf 82' lang='lat'><strong>48.</strong></span> <span class='ocrx_word' id='word_1_122' title='bbox 1694 2026 1790 2071; x_wconf 84' lang='grc' dir='ltr'><strong>τα</strong></span> <span class='ocrx_word' id='word_1_123' title='bbox 1825 2001 1901 2071; x_wconf 82' lang='grc' dir='ltr'><strong>δὲ</strong></span> <span class='ocrx_word' id='word_1_124' title='bbox 1946 2001 2141 2071; x_wconf 82' lang='grc' dir='ltr'><em>εἴδεα</em></span> <span class='ocrx_word' id='word_1_125' title='bbox 2192 1995 2417 2078; x_wconf 72' lang='grc' dir='ltr'><strong>αὐτοῖς</strong></span> <span class='ocrx_word' id='word_1_126' title='bbox 2459 1996 2576 2069; x_wconf 80' lang='grc' dir='ltr'><strong>καὶ</strong></span> <span class='ocrx_word' id='word_1_127' title='bbox 2621 2026 2716 2069; x_wconf 87' lang='grc' dir='ltr'><strong>τα</strong></span> <span class='ocrx_word' id='word_1_128' title='bbox 2758 2000 2989 2094; x_wconf 76' lang='grc' dir='ltr'><em>μέρεα</em></span> 
     </span>
     <span class='ocr_line' id='line_1_16' title="bbox 770 2096 2987 2199; baseline -0.004 -21"><span class='ocrx_word' id='word_1_129' title='bbox 770 2102 996 2186; x_wconf 81' lang='grc' dir='ltr'><strong><em>οὕτως</em></strong></span> <span class='ocrx_word' id='word_1_130' title='bbox 1027 2098 1120 2176; x_wconf 72' lang='grc' dir='ltr'><strong>κοτ’</strong></span> <span class='ocrx_word' id='word_1_131' title='bbox 1147 2129 1260 2187; x_wconf 81' lang='grc' dir='ltr'><strong>τις</strong></span> <span class='ocrx_word' id='word_1_132' title='bbox 1291 2096 1709 2199; x_wconf 79' lang='grc' dir='ltr'><em>α’θρησοῖτω.</em></span> <span class='ocrx_word' id='word_1_133' title='bbox 1814 2102 1914 2170; x_wconf 88' lang='lat' dir='ltr'><strong>lta</strong></span> <span class='ocrx_word' id='word_1_134' title='bbox 1942 2101 2199 2170; x_wconf 89' lang='lat' dir='ltr'><strong>editum</strong></span> <span class='ocrx_word' id='word_1_135' title='bbox 2229 2125 2271 2167; x_wconf 85' lang='lat' dir='ltr'><strong>a</strong></span> <span class='ocrx_word' id='word_1_136' title='bbox 2298 2100 2709 2170; x_wconf 85' lang='lat' dir='ltr'><strong>Gaisfordio.</strong></span> <span class='ocrx_word' id='word_1_137' title='bbox 2811 2101 2987 2170; x_wconf 88' lang='lat' dir='ltr'><strong>Cod.</strong></span> 
     </span>
     <span class='ocr_line' id='line_1_17' title="bbox 766 2203 2983 2298; baseline -0.003 -20"><span class='ocrx_word' id='word_1_138' title='bbox 766 2209 851 2278; x_wconf 88' lang='lat' dir='ltr'><strong>A.</strong></span> <span class='ocrx_word' id='word_1_139' title='bbox 903 2207 1042 2279; x_wconf 79' lang='grc' dir='ltr'><strong>καί.</strong></span> <span class='ocrx_word' id='word_1_140' title='bbox 1120 2207 1349 2298; x_wconf 81' lang='lat' dir='ltr'><strong>Vulgo</strong></span> <span class='ocrx_word' id='word_1_141' title='bbox 1383 2203 1610 2285; x_wconf 82' lang='grc' dir='ltr'><strong><em>οὕτως</em></strong></span> <span class='ocrx_word' id='word_1_142' title='bbox 1644 2204 1734 2276; x_wconf 79' lang='grc' dir='ltr'><strong>ἄν</strong></span> <span class='ocrx_word' id='word_1_143' title='bbox 1767 2232 1899 2285; x_wconf 83' lang='grc' dir='ltr'><strong>τις.</strong></span> <span class='ocrx_word' id='word_1_144' title='bbox 1985 2203 2321 2272; x_wconf 75' lang='lat' dir='ltr'><strong>Maximus</strong></span> <span class='ocrx_word' id='word_1_145' title='bbox 2362 2205 2612 2295; x_wconf 78' lang='lat' dir='ltr'><strong>Tyrius</strong></span> <span class='ocrx_word' id='word_1_146' title='bbox 2642 2204 2796 2272; x_wconf 85' lang='lat' dir='ltr'><strong>diss.</strong></span> <span class='ocrx_word' id='word_1_147' title='bbox 2837 2205 2983 2274; x_wconf 83' lang='lat' dir='ltr'><strong>vll.</strong></span> 
     </span>
     <span class='ocr_line' id='line_1_18' title="bbox 769 2301 2989 2401; baseline 0 -22"><span class='ocrx_word' id='word_1_148' title='bbox 769 2335 827 2379; x_wconf 89' lang='lat' dir='ltr'><strong>c.</strong></span> <span class='ocrx_word' id='word_1_149' title='bbox 863 2308 934 2384; x_wconf 93' lang='lat'><strong>7.</strong></span> <span class='ocrx_word' id='word_1_150' title='bbox 987 2332 1061 2401; x_wconf 91' lang='lat' dir='ltr'><strong>p.</strong></span> <span class='ocrx_word' id='word_1_151' title='bbox 1109 2307 1281 2380; x_wconf 77' lang='lat'><strong>116.</strong></span> <span class='ocrx_word' id='word_1_152' title='bbox 1336 2307 1446 2380; x_wconf 90' lang='lat' dir='ltr'><strong>ed.</strong></span> <span class='ocrx_word' id='word_1_153' title='bbox 1487 2308 1724 2380; x_wconf 88' lang='lat' dir='ltr'><strong>Reisk.</strong></span> <span class='ocrx_word' id='word_1_154' title='bbox 1771 2336 1904 2379; x_wconf 78' lang='grc' dir='ltr'><strong>καν</strong></span> <span class='ocrx_word' id='word_1_155' title='bbox 1942 2306 2170 2380; x_wconf 81' lang='grc' dir='ltr'><strong><em>τοῦτο’</em></strong></span> <span class='ocrx_word' id='word_1_156' title='bbox 2211 2333 2323 2388; x_wconf 81' lang='grc' dir='ltr'><strong>τις</strong></span> <span class='ocrx_word' id='word_1_157' title='bbox 2367 2304 2573 2400; x_wconf 74' lang='grc' dir='ltr'><strong><em>υμῶν</em></strong></span> <span class='ocrx_word' id='word_1_158' title='bbox 2608 2301 2703 2380; x_wconf 75' lang='grc' dir='ltr'><strong>τό</strong></span> <span class='ocrx_word' id='word_1_159' title='bbox 2745 2301 2989 2389; x_wconf 71' lang='grc' dir='ltr'><strong><em>πάθος</em></strong></span> 
     </span>
     <span class='ocr_line' id='line_1_19' title="bbox 770 2404 2987 2510; baseline -0.003 -24"><span class='ocrx_word' id='word_1_160' title='bbox 770 2408 1165 2510; x_wconf 79' lang='grc' dir='ltr'><strong>ζηλωσοῖτω.</strong></span> <span class='ocrx_word' id='word_1_161' title='bbox 1269 2410 1461 2479; x_wconf 87' lang='lat' dir='ltr'><strong>Male</strong></span> <span class='ocrx_word' id='word_1_162' title='bbox 1499 2410 1594 2479; x_wconf 92' lang='lat' dir='ltr'><strong>ibi</strong></span> <span class='ocrx_word' id='word_1_163' title='bbox 1634 2411 1950 2480; x_wconf 86' lang='lat' dir='ltr'><strong>Reiskius</strong></span> <span class='ocrx_word' id='word_1_164' title='bbox 1985 2412 2270 2479; x_wconf 88' lang='lat' dir='ltr'><strong>coniecit</strong></span> <span class='ocrx_word' id='word_1_165' title='bbox 2300 2406 2436 2482; x_wconf 80' lang='grc' dir='ltr'><strong>κοὲν</strong></span> <span class='ocrx_word' id='word_1_166' title='bbox 2476 2404 2736 2482; x_wconf 81' lang='grc' dir='ltr'><strong><em>τούτω.</em></strong></span> <span class='ocrx_word' id='word_1_167' title='bbox 2839 2411 2987 2480; x_wconf 80' lang='lat' dir='ltr'><strong>Re-</strong></span> 
     </span>
     <span class='ocr_line' id='line_1_20' title="bbox 770 2513 2981 2604; baseline -0.001 -19"><span class='ocrx_word' id='word_1_168' title='bbox 770 2516 1092 2585; x_wconf 85' lang='lat' dir='ltr'><strong>centiores</strong></span> <span class='ocrx_word' id='word_1_169' title='bbox 1134 2514 1333 2583; x_wconf 88' lang='lat' dir='ltr'><strong>etiam</strong></span> <span class='ocrx_word' id='word_1_170' title='bbox 1379 2515 1623 2583; x_wconf 88' lang='lat' dir='ltr'><strong>omisso</strong></span> <span class='ocrx_word' id='word_1_171' title='bbox 1670 2513 1896 2586; x_wconf 81' lang='grc' dir='ltr'><strong><em>τοῦτο</em></strong></span> <span class='ocrx_word' id='word_1_172' title='bbox 1916 2567 1943 2601; x_wconf 85' lang='grc'>,</span> <span class='ocrx_word' id='word_1_173' title='bbox 2010 2522 2087 2582; x_wconf 87' lang='lat' dir='ltr'><strong>ut</strong></span> <span class='ocrx_word' id='word_1_174' title='bbox 2130 2514 2407 2583; x_wconf 87' lang='lat' dir='ltr'><strong>Ttetzes</strong></span> <span class='ocrx_word' id='word_1_175' title='bbox 2453 2513 2542 2580; x_wconf 87' lang='lat' dir='ltr'><strong>ad</strong></span> <span class='ocrx_word' id='word_1_176' title='bbox 2580 2515 2756 2604; x_wconf 79' lang='lat' dir='ltr'><strong>Lyc.</strong></span> <span class='ocrx_word' id='word_1_177' title='bbox 2806 2513 2981 2589; x_wconf 80' lang='lat'><strong>424.</strong></span> 
     </span>
     <span class='ocr_line' id='line_1_21' title="bbox 772 2610 2984 2712; baseline 0 -21"><span class='ocrx_word' id='word_1_178' title='bbox 772 2613 864 2691; x_wconf 67' lang='lat' dir='ltr'><strong>m?</strong></span> <span class='ocrx_word' id='word_1_179' title='bbox 911 2617 988 2693; x_wconf 74' lang='grc' dir='ltr'><strong>δὲ</strong></span> <span class='ocrx_word' id='word_1_180' title='bbox 1038 2620 1109 2691; x_wconf 79' lang='grc' dir='ltr'><strong>εἰ</strong></span> <span class='ocrx_word' id='word_1_181' title='bbox 1147 2618 1375 2692; x_wconf 76' lang='grc' dir='ltr'><strong><em>τοῦτο</em></strong></span> <span class='ocrx_word' id='word_1_182' title='bbox 1426 2619 1615 2711; x_wconf 77' lang='grc' dir='ltr'><em>μέγα</em></span> <span class='ocrx_word' id='word_1_183' title='bbox 1663 2610 1998 2712; x_wconf 72' lang='grc' dir='ltr'><strong>γράφεις,</strong></span> <span class='ocrx_word' id='word_1_184' title='bbox 2060 2615 2195 2689; x_wconf 73' lang='grc' dir='ltr'><strong>κᾶν</strong></span> <span class='ocrx_word' id='word_1_185' title='bbox 2238 2618 2397 2708; x_wconf 74' lang='grc' dir='ltr'><em>λέγε</em></span> <span class='ocrx_word' id='word_1_186' title='bbox 2439 2612 2561 2691; x_wconf 82' lang='grc' dir='ltr'><strong>ὅτι</strong></span> <span class='ocrx_word' id='word_1_187' title='bbox 2610 2612 2984 2691; x_wconf 52' lang='lat' dir='ltr'><strong>saturniaco</strong></span> 
     </span>
     <span class='ocr_line' id='line_1_22' title="bbox 766 2717 2986 2817; baseline -0.003 -21"><span class='ocrx_word' id='word_1_188' title='bbox 766 2719 1077 2817; x_wconf 76' lang='grc' dir='ltr'><strong>Ἀττικῇ</strong></span> <span class='ocrx_word' id='word_1_189' title='bbox 1101 2722 1289 2814; x_wconf 78' lang='grc' dir='ltr'><em>μέγα</em></span> <span class='ocrx_word' id='word_1_190' title='bbox 1336 2722 1563 2795; x_wconf 83' lang='grc' dir='ltr'><strong><em>τοῦτο</em></strong></span> <span class='ocrx_word' id='word_1_191' title='bbox 1590 2717 1991 2817; x_wconf 74' lang='grc' dir='ltr'><em>γράφεται·</em></span> <span class='ocrx_word' id='word_1_192' title='bbox 2047 2720 2136 2788; x_wconf 89' lang='lat' dir='ltr'><strong>de</strong></span> <span class='ocrx_word' id='word_1_193' title='bbox 2174 2744 2312 2809; x_wconf 93' lang='lat' dir='ltr'><strong>quo</strong></span> <span class='ocrx_word' id='word_1_194' title='bbox 2351 2720 2508 2788; x_wconf 85' lang='lat' dir='ltr'><strong>loco</strong></span> <span class='ocrx_word' id='word_1_195' title='bbox 2546 2722 2805 2790; x_wconf 89' lang='lat' dir='ltr'><strong>monuit</strong></span> <span class='ocrx_word' id='word_1_196' title='bbox 2839 2722 2986 2790; x_wconf 89' lang='lat' dir='ltr'><strong>Lo·</strong></span> 
     </span>
     <span class='ocr_line' id='line_1_23' title="bbox 701 2823 2987 2916; baseline -0.001 -20"><span class='ocrx_word' id='word_1_197' title='bbox 701 2876 719 2914; x_wconf 81' lang='lat'><strong>·.</strong></span> <span class='ocrx_word' id='word_1_198' title='bbox 766 2824 1044 2896; x_wconf 86' lang='lat' dir='ltr'><strong>beckius</strong></span> <span class='ocrx_word' id='word_1_199' title='bbox 1072 2824 1162 2891; x_wconf 90' lang='lat' dir='ltr'><strong>ad</strong></span> <span class='ocrx_word' id='word_1_200' title='bbox 1192 2823 1448 2914; x_wconf 76' lang='lat' dir='ltr'><strong>Phryn.</strong></span> <span class='ocrx_word' id='word_1_201' title='bbox 1488 2848 1560 2916; x_wconf 92' lang='lat' dir='ltr'><strong>p.</strong></span> <span class='ocrx_word' id='word_1_202' title='bbox 1593 2823 1664 2892; x_wconf 79' lang='lat'><strong>9.</strong></span> <span class='ocrx_word' id='word_1_203' title='bbox 1730 2825 1873 2891; x_wconf 85' lang='lat' dir='ltr'><strong>lam</strong></span> <span class='ocrx_word' id='word_1_204' title='bbox 1901 2823 2177 2891; x_wconf 87' lang='lat' dir='ltr'><strong>iudicari</strong></span> <span class='ocrx_word' id='word_1_205' title='bbox 2205 2825 2456 2916; x_wconf 89' lang='lat' dir='ltr'><strong>poterit</strong></span> <span class='ocrx_word' id='word_1_206' title='bbox 2486 2825 2686 2892; x_wconf 87' lang='lat' dir='ltr'><strong>etiam</strong></span> <span class='ocrx_word' id='word_1_207' title='bbox 2719 2825 2808 2893; x_wconf 89' lang='lat' dir='ltr'><strong>de</strong></span> <span class='ocrx_word' id='word_1_208' title='bbox 2838 2825 2987 2894; x_wconf 86' lang='lat' dir='ltr'><strong>Xe-</strong></span> 
     </span>
     <span class='ocr_line' id='line_1_24' title="bbox 767 2921 2988 3020; baseline 0.001 -22"><span class='ocrx_word' id='word_1_209' title='bbox 767 2928 1131 3020; x_wconf 85' lang='lat' dir='ltr'><strong>nophontis</strong></span> <span class='ocrx_word' id='word_1_210' title='bbox 1173 2928 1396 2997; x_wconf 77' lang='lat' dir='ltr'><strong>verbis</strong></span> <span class='ocrx_word' id='word_1_211' title='bbox 1442 2928 1666 2999; x_wconf 87' lang='lat' dir='ltr'><strong>Anah.</strong></span> <span class='ocrx_word' id='word_1_212' title='bbox 1710 2928 1760 2995; x_wconf 92' lang='grc' dir='ltr'><strong>Ι.</strong></span> <span class='ocrx_word' id='word_1_213' title='bbox 1799 2925 1868 3012; x_wconf 73' lang='grc' dir='ltr'><strong>-Ι,</strong></span> <span class='ocrx_word' id='word_1_214' title='bbox 1911 2924 1982 2993; x_wconf 81' lang='grc'><strong>8.</strong></span> <span class='ocrx_word' id='word_1_215' title='bbox 2038 2923 2205 3002; x_wconf 72' lang='grc' dir='ltr'><strong><em>ἀλλ’</em></strong></span> <span class='ocrx_word' id='word_1_216' title='bbox 2255 2921 2517 2999; x_wconf 81' lang='grc' dir='ltr'><strong><em>ἰόντων</em></strong></span> <span class='ocrx_word' id='word_1_217' title='bbox 2566 2926 2658 3001; x_wconf 76' lang='grc' dir='ltr'><strong>ἂν</strong></span> <span class='ocrx_word' id='word_1_218' title='bbox 2716 2922 2988 3010; x_wconf 77' lang='grc' dir='ltr'><strong><em>εἰδότες</em></strong></span> 
     </span>
     <span class='ocr_line' id='line_1_25' title="bbox 769 3026 2989 3129; baseline -0.003 -24"><span class='ocrx_word' id='word_1_219' title='bbox 769 3030 888 3105; x_wconf 81' lang='grc' dir='ltr'><strong>ὅτι</strong></span> <span class='ocrx_word' id='word_1_220' title='bbox 917 3029 1203 3111; x_wconf 77' lang='grc' dir='ltr'><em>κακίους</em></span> <span class='ocrx_word' id='word_1_221' title='bbox 1244 3030 1377 3105; x_wconf 77' lang='grc' dir='ltr'><strong><em>εἰσὶ</em></strong></span> <span class='ocrx_word' id='word_1_222' title='bbox 1409 3030 1573 3126; x_wconf 77' lang='grc' dir='ltr'><strong><em>περὶ</em></strong></span> <span class='ocrx_word' id='word_1_223' title='bbox 1607 3027 1796 3129; x_wconf 75' lang='grc' dir='ltr'><strong>ᾖμοῖς</strong></span> <span class='ocrx_word' id='word_1_224' title='bbox 1828 3028 1871 3118; x_wconf 86' lang='grc' dir='ltr'><em>ἢ</em></span> <span class='ocrx_word' id='word_1_225' title='bbox 1897 3026 2099 3124; x_wconf 73' lang='grc' dir='ltr'><em>ἡμεῖς</em></span> <span class='ocrx_word' id='word_1_226' title='bbox 2129 3030 2295 3124; x_wconf 79' lang='grc' dir='ltr'><em>περὶ</em></span> <span class='ocrx_word' id='word_1_227' title='bbox 2329 3030 2660 3110; x_wconf 74' lang='grc' dir='ltr'><strong><em>ἐκείνους.</em></strong></span> <span class='ocrx_word' id='word_1_228' title='bbox 2725 3030 2805 3099; x_wconf 90' lang='lat' dir='ltr'><strong>In</strong></span> <span class='ocrx_word' id='word_1_229' title='bbox 2832 3033 2989 3122; x_wconf 87' lang='lat' dir='ltr'><strong>qui-</strong></span> 
     </span>
     <span class='ocr_line' id='line_1_26' title="bbox 767 3130 2979 3224; baseline 0.001 -22"><span class='ocrx_word' id='word_1_230' title='bbox 767 3135 891 3202; x_wconf 89' lang='lat' dir='ltr'><strong>bus</strong></span> <span class='ocrx_word' id='word_1_231' title='bbox 926 3135 1268 3202; x_wconf 89' lang='lat' dir='ltr'><strong>Porsonus</strong></span> <span class='ocrx_word' id='word_1_232' title='bbox 1304 3134 1694 3224; x_wconf 88' lang='lat' dir='ltr'><strong>quantocius</strong></span> <span class='ocrx_word' id='word_1_233' title='bbox 1739 3133 2109 3201; x_wconf 86' lang='lat' dir='ltr'><strong>tollendum</strong></span> <span class='ocrx_word' id='word_1_234' title='bbox 2152 3134 2410 3201; x_wconf 89' lang='lat' dir='ltr'><strong>censuit</strong></span> <span class='ocrx_word' id='word_1_235' title='bbox 2441 3130 2533 3205; x_wconf 77' lang='grc' dir='ltr'><strong>ἄν</strong></span> <span class='ocrx_word' id='word_1_236' title='bbox 2547 3187 2574 3221; x_wconf 85' lang='grc'>,</span> <span class='ocrx_word' id='word_1_237' title='bbox 2630 3158 2836 3223; x_wconf 88' lang='lat' dir='ltr'><strong>quem</strong></span> <span class='ocrx_word' id='word_1_238' title='bbox 2873 3159 2979 3204; x_wconf 84' lang='lat' dir='ltr'><strong>se-</strong></span> 
     </span>
     <span class='ocr_line' id='line_1_27' title="bbox 766 3235 2986 3331; baseline 0.001 -25"><span class='ocrx_word' id='word_1_239' title='bbox 766 3237 954 3328; x_wconf 89' lang='lat' dir='ltr'><strong>quuti</strong></span> <span class='ocrx_word' id='word_1_240' title='bbox 984 3247 1135 3306; x_wconf 81' lang='lat' dir='ltr'><strong>sunt</strong></span> <span class='ocrx_word' id='word_1_241' title='bbox 1159 3237 1285 3305; x_wconf 89' lang='lat' dir='ltr'><strong>alii.</strong></span> <span class='ocrx_word' id='word_1_242' title='bbox 1392 3236 1488 3304; x_wconf 86' lang='lat' dir='ltr'><strong>Et</strong></span> <span class='ocrx_word' id='word_1_243' title='bbox 1515 3247 1690 3306; x_wconf 88' lang='lat' dir='ltr'><strong>esset</strong></span> <span class='ocrx_word' id='word_1_244' title='bbox 1715 3235 2123 3323; x_wconf 83' lang='lat' dir='ltr'><strong>tollendum,</strong></span> <span class='ocrx_word' id='word_1_245' title='bbox 2177 3238 2231 3303; x_wconf 91' lang='lat' dir='ltr'><strong>si</strong></span> <span class='ocrx_word' id='word_1_246' title='bbox 2255 3236 2623 3329; x_wconf 86' lang='lat' dir='ltr'><strong>pertineret</strong></span> <span class='ocrx_word' id='word_1_247' title='bbox 2651 3239 2741 3308; x_wconf 85' lang='lat' dir='ltr'><strong>ad</strong></span> <span class='ocrx_word' id='word_1_248' title='bbox 2768 3240 2986 3331; x_wconf 86' lang='lat' dir='ltr'><strong>impe·</strong></span> 
     </span>
     <span class='ocr_line' id='line_1_28' title="bbox 767 3333 2986 3429; baseline 0.001 -20"><span class='ocrx_word' id='word_1_249' title='bbox 767 3342 1080 3410; x_wconf 81' lang='lat' dir='ltr'><strong>rativum:</strong></span> <span class='ocrx_word' id='word_1_250' title='bbox 1134 3339 1258 3409; x_wconf 87' lang='lat' dir='ltr'><strong>sed</strong></span> <span class='ocrx_word' id='word_1_251' title='bbox 1297 3349 1399 3409; x_wconf 87' lang='lat' dir='ltr'><strong>est</strong></span> <span class='ocrx_word' id='word_1_252' title='bbox 1441 3339 1532 3408; x_wconf 90' lang='lat' dir='ltr'><strong>ad</strong></span> <span class='ocrx_word' id='word_1_253' title='bbox 1562 3333 1829 3419; x_wconf 74' lang='grc' dir='ltr'><strong><em>εἰδότες</em></strong></span> <span class='ocrx_word' id='word_1_254' title='bbox 1871 3338 2337 3425; x_wconf 84' lang='lat' dir='ltr'><strong>referendum,</strong></span> <span class='ocrx_word' id='word_1_255' title='bbox 2406 3340 2595 3429; x_wconf 90' lang='lat' dir='ltr'><strong>quod</strong></span> <span class='ocrx_word' id='word_1_256' title='bbox 2638 3341 2905 3411; x_wconf 85' lang='lat' dir='ltr'><strong>divisim</strong></span> <span class='ocrx_word' id='word_1_257' title='bbox 2934 3341 2986 3411; x_wconf 84' lang='lat' dir='ltr'><strong>si</strong></span> 
     </span>
     <span class='ocr_line' id='line_1_29' title="bbox 764 3436 2985 3530; baseline 0.001 -19"><span class='ocrx_word' id='word_1_258' title='bbox 764 3443 937 3530; x_wconf 68' lang='lat' dir='ltr'><strong>haee</strong></span> <span class='ocrx_word' id='word_1_259' title='bbox 966 3444 1417 3527; x_wconf 68' lang='lat' dir='ltr'><strong>mundasset,</strong></span> <span class='ocrx_word' id='word_1_260' title='bbox 1471 3444 1743 3513; x_wconf 81' lang='lat' dir='ltr'><strong>dixisset</strong></span> <span class='ocrx_word' id='word_1_261' title='bbox 1773 3436 2033 3516; x_wconf 84' lang='grc' dir='ltr'><strong><em>ἰόντων</em></strong></span> <span class='ocrx_word' id='word_1_262' title='bbox 2072 3443 2191 3514; x_wconf 75' lang='grc' dir='ltr'><strong>καὶ</strong></span> <span class='ocrx_word' id='word_1_263' title='bbox 2236 3445 2489 3515; x_wconf 75' lang='grc' dir='ltr'><strong><em>εἰδεῖεν</em></strong></span> <span class='ocrx_word' id='word_1_264' title='bbox 2530 3441 2641 3515; x_wconf 78' lang='grc' dir='ltr'><strong>ἄν.</strong></span> <span class='ocrx_word' id='word_1_265' title='bbox 2743 3446 2985 3516; x_wconf 84' lang='lat' dir='ltr'><strong>Posset</strong></span> 
     </span>
     <span class='ocr_line' id='line_1_30' title="bbox 766 3545 2981 3639; baseline 0.001 -24"><span class='ocrx_word' id='word_1_266' title='bbox 766 3547 1039 3616; x_wconf 82' lang='lat' dir='ltr'><strong>defendi</strong></span> <span class='ocrx_word' id='word_1_267' title='bbox 1095 3548 1294 3615; x_wconf 89' lang='lat' dir='ltr'><strong>etiam</strong></span> <span class='ocrx_word' id='word_1_268' title='bbox 1345 3547 1698 3616; x_wconf 82' lang='lat' dir='ltr'><strong>infinitivus</strong></span> <span class='ocrx_word' id='word_1_269' title='bbox 1749 3569 1902 3615; x_wconf 85' lang='lat' dir='ltr'><strong>cum</strong></span> <span class='ocrx_word' id='word_1_270' title='bbox 1947 3545 2040 3617; x_wconf 77' lang='grc' dir='ltr'><strong>ἄν</strong></span> <span class='ocrx_word' id='word_1_271' title='bbox 2097 3568 2229 3637; x_wconf 91' lang='lat' dir='ltr'><strong>pro</strong></span> <span class='ocrx_word' id='word_1_272' title='bbox 2277 3546 2676 3638; x_wconf 84' lang='lat' dir='ltr'><strong>imperativo</strong></span> <span class='ocrx_word' id='word_1_273' title='bbox 2719 3550 2981 3639; x_wconf 86' lang='lat' dir='ltr'><strong>positus</strong></span> 
     </span>
     <span class='ocr_line' id='line_1_31' title="bbox 764 3645 2982 3743; baseline -0.002 -25"><span class='ocrx_word' id='word_1_274' title='bbox 764 3651 832 3718; x_wconf 89' lang='lat' dir='ltr'><strong>in</strong></span> <span class='ocrx_word' id='word_1_275' title='bbox 875 3651 964 3718; x_wconf 93' lang='lat' dir='ltr'><strong>H.</strong></span> <span class='ocrx_word' id='word_1_276' title='bbox 1016 3650 1345 3743; x_wconf 84' lang='lat' dir='ltr'><strong>Stephani</strong></span> <span class='ocrx_word' id='word_1_277' title='bbox 1390 3649 1683 3719; x_wconf 90' lang='lat' dir='ltr'><strong>editione</strong></span> <span class='ocrx_word' id='word_1_278' title='bbox 1725 3647 2062 3717; x_wconf 87' lang='lat' dir='ltr'><strong>Herodoti</strong></span> <span class='ocrx_word' id='word_1_279' title='bbox 2109 3645 2455 3716; x_wconf 75' lang='lat' dir='ltr'><strong>111.l55.</strong></span> <span class='ocrx_word' id='word_1_280' title='bbox 2537 3645 2856 3739; x_wconf 66' lang='grc' dir='ltr'><strong><em>ἑχόντων</em></strong></span> <span class='ocrx_word' id='word_1_281' title='bbox 2910 3652 2982 3726; x_wconf 76' lang='grc' dir='ltr'><strong>δὲ</strong></span> 
     </span>
     <span class='ocr_line' id='line_1_32' title="bbox 764 3744 2977 3851; baseline 0.001 -27"><span class='ocrx_word' id='word_1_282' title='bbox 764 3746 950 3844; x_wconf 78' lang='grc' dir='ltr'><em>μήτε</em></span> <span class='ocrx_word' id='word_1_283' title='bbox 1002 3759 1074 3825; x_wconf 86' lang='grc' dir='ltr'><strong>οἱ</strong></span> <span class='ocrx_word' id='word_1_284' title='bbox 1121 3751 1469 3851; x_wconf 79' lang='grc' dir='ltr'><strong><em>πρότεροι</em></strong></span> <span class='ocrx_word' id='word_1_285' title='bbox 1518 3753 1746 3851; x_wconf 80' lang='grc' dir='ltr'><strong><em>μηδὲν</em></strong></span> <span class='ocrx_word' id='word_1_286' title='bbox 1786 3753 1933 3824; x_wconf 73' lang='grc' dir='ltr'><strong>τοῖν</strong></span> <span class='ocrx_word' id='word_1_287' title='bbox 1985 3744 2462 3841; x_wconf 78' lang='grc' dir='ltr'><strong><em>α’μυνούντων</em></strong></span> <span class='ocrx_word' id='word_1_288' title='bbox 2506 3747 2697 3848; x_wconf 79' lang='grc' dir='ltr'><strong><em>μήτε</em></strong></span> <span class='ocrx_word' id='word_1_289' title='bbox 2743 3751 2977 3844; x_wconf 81' lang='grc' dir='ltr'><strong><em>οὗτοι,</em></strong></span> 
     </span>
     <span class='ocr_line' id='line_1_33' title="bbox 764 3850 2976 3949; baseline 0 -23"><span class='ocrx_word' id='word_1_290' title='bbox 764 3850 947 3949; x_wconf 84' lang='grc' dir='ltr'><strong><em>πλην</em></strong></span> <span class='ocrx_word' id='word_1_291' title='bbox 981 3855 1451 3948; x_wconf 45' lang='grc' dir='ltr'><strong>ἐγχειριδίων</strong></span> <span class='ocrx_word' id='word_1_292' title='bbox 1505 3857 1733 3929; x_wconf 81' lang='grc' dir='ltr'><strong><em>τοῦτο</em></strong></span> <span class='ocrx_word' id='word_1_293' title='bbox 1777 3857 1854 3931; x_wconf 82' lang='grc' dir='ltr'><strong>δὲ</strong></span> <span class='ocrx_word' id='word_1_294' title='bbox 1892 3884 1982 3927; x_wconf 88' lang='grc' dir='ltr'><strong>αν</strong></span> <span class='ocrx_word' id='word_1_295' title='bbox 2015 3856 2223 3944; x_wconf 82' lang='grc' dir='ltr'><strong>ἔχειν.</strong></span> <span class='ocrx_word' id='word_1_296' title='bbox 2328 3854 2473 3924; x_wconf 86' lang='lat' dir='ltr'><strong>Sed</strong></span> <span class='ocrx_word' id='word_1_297' title='bbox 2502 3854 2710 3925; x_wconf 90' lang='lat' dir='ltr'><strong>hodie</strong></span> <span class='ocrx_word' id='word_1_298' title='bbox 2735 3858 2976 3946; x_wconf 80' lang='lat' dir='ltr'><strong>editur,</strong></span> 
     </span>
     <span class='ocr_line' id='line_1_34' title="bbox 763 3957 2926 4052; baseline 0.004 -26"><span class='ocrx_word' id='word_1_299' title='bbox 763 3958 943 4027; x_wconf 88' lang='lat' dir='ltr'><strong>nulla</strong></span> <span class='ocrx_word' id='word_1_300' title='bbox 967 3959 1337 4050; x_wconf 85' lang='lat' dir='ltr'><strong>scripturae</strong></span> <span class='ocrx_word' id='word_1_301' title='bbox 1368 3959 1752 4029; x_wconf 85' lang='lat' dir='ltr'><strong>diversitate</strong></span> <span class='ocrx_word' id='word_1_302' title='bbox 1779 3959 2131 4045; x_wconf 73' lang='lat' dir='ltr'><strong>adnotata,</strong></span> <span class='ocrx_word' id='word_1_303' title='bbox 2183 3957 2408 4032; x_wconf 78' lang='grc' dir='ltr'><strong><em>τοῦτο</em></strong></span> <span class='ocrx_word' id='word_1_304' title='bbox 2445 3958 2524 4032; x_wconf 74' lang='grc' dir='ltr'><strong>δὲ</strong></span> <span class='ocrx_word' id='word_1_305' title='bbox 2554 3960 2682 4034; x_wconf 80' lang='grc' dir='ltr'><strong>ἐοῖν</strong></span> <span class='ocrx_word' id='word_1_306' title='bbox 2712 3962 2926 4052; x_wconf 78' lang='grc' dir='ltr'><strong>ἔχειν.</strong></span> 
     </span>
    </p>
   </div>
  </div>
 </body>
</html>
