3259 5275
765 486 897 552 28⁰
1497 479 1610 542 DE
1653 479 2241 544 ARCHIMEDIS

970 670 1119 742 Sed
1144 671 1356 740 multo
1383 672 1655 740 maioris
1678 672 2000 741 momenti
2030 679 2133 741 est
2171 671 2631 765 interpretatio
2657 694 2975 797 versuum

769 770 1124 844 35-.4o
1165 774 1246 843 ln
1280 774 1383 842 his
1416 774 1740 867 scriptum
1771 782 1917 845 erat
1941 802 2039 848 τα
2068 771 2144 848 δ’
2179 770 2276 849 αὖ
2299 770 2704 872 περιμήκεα
2731 771 2978 874 πάντη

769 879 1187 971 πίμπλαντο
1218 875 1531 952 πλίνθου
1568 877 1958 977 Θρινακίης
1983 875 2217 951 πεδία.
2296 876 2575 963 Mirum,
2625 901 2716 947 ne
2750 851 2978 948 dicam

767 983 1069 1073 ineptum
1096 979 1445 1074 epitheton
1477 991 1576 1050 est
1612 1004 1928 1050 arvorum
1954 974 2354 1079 περιμήκεα
2369 1028 2392 1065 ,
2441 983 2796 1073 multoque
2832 1006 2979 1052 ma·

766 1086 873 1178 gis
902 1084 1110 1176 friget
1141 1083 1443 1152 additum
1483 1078 1741 1179 πάντῃ.
1843 1086 2002 1153 Non
2028 1106 2163 1204 ego
2199 1083 2473 1153 credam
2512 1086 2608 1153 sic
2640 1085 2763 1154 ista
2804 1088 2976 1154 scri-

767 1187 985 1280 psisse
1028 1186 1529 1256 Archimedem.
1636 1188 1868 1272 Quare
1908 1188 2111 1281 posui
2147 1182 2247 1260 τοὶ
2274 1182 2349 1261 δ
2381 1182 2477 1259 αὖ
2510 1189 2676 1284 πέρι
2709 1183 2977 1287 μήκεα,

771 1284 1010 1387 πάντῃ
1074 1290 1493 1382 πίμπλαντο
1557 1290 1873 1363 πλίνθου
1940 1287 2334 1387 &pavonino
2373 1289 2628 1363 πεδι’·α
2681 1314 2975 1382 quorum

524 1457 529 1462 .
669 1393 771 1464 lo
784 1394 1149 1463 verborum
1173 1393 1285 1461 hic
1311 1415 1542 1462 sensus
1569 1402 1703 1463 est.
1755 1393 1968 1462 latera
1994 1403 2220 1462 autem
2237 1393 2669 1462 circumcirca
2683 1396 2772 1463 ab
2787 1397 2975 1463 omni

766 1505 961 1591 parte
988 1496 1176 1587 quod
1214 1495 1478 1585 attinet,
1531 1496 1868 1566 laterculis
1908 1496 2367 1589 implebantur
2407 1497 2631 1590 campi
2660 1497 2974 1568 Thrina-

768 1602 929 1670 ciae.
1036 1602 1130 1675 M
1132 1594 1303 1693 ηἰιεα
1338 1608 1600 1668 constat
1625 1600 1839 1669 latera
1873 1599 2002 1669 dici
2040 1600 2541 1690 quadratorum.
2641 1599 2975 1682 Πλίνθος

764 1712 949 1773 recte
987 1703 1323 1794 explicata
1354 1724 1395 1770 a
1434 1703 1734 1773 Struviis.
1845 1702 2250 1784 Πλινθίδας
2289 1701 2626 1771 communi
2659 1727 2973 1773 sermone

763 1815 1011 1876 vocant
1053 1828 1368 1875 numeros
1425 1799 1653 1888 ἰσάκις
1696 1808 1894 1887 ἴσους
1941 1800 2428 1887 ἑλαττονᾶιιις.
2529 1805 2711 1875 Hinc
2756 1817 2971 1900 patet,

762 1933 902 1979 non
943 1909 1031 1978 de
1081 1918 1224 1977 toto
1263 1908 1594 1999 quadrato
1610 1956 1633 1994 ,
1684 1909 1806 1978 sed
1845 1908 1933 1980 de
1966 1909 2243 2002 singulis
2292 1910 2432 1978 eius
2465 1908 2783 1978 lateribus
2828 1935 2969 1979 ser-

763 2035 1036 2082 monem
1086 2034 1269 2081 esse:
1350 2012 1761 2102 invenirique
1814 2011 2068 2081 debere
2126 2035 2480 2082 numerum
2541 2013 2992 2102 quadratum‚'

763 2117 949 2186 cuius
977 2116 1242 2208 singula
1267 2115 1478 2184 latera
1511 2114 1689 2184 hanc
1714 2116 2041 2184 rationem
2069 2113 2402 2185 habeant.
2385 2140 2404 2159 ·
2455 2111 2559 2188 a2.
2613 2116 2690 2207 (a
2704 2156 2811 2168 —
2828 2117 2930 2210 b).

970 2218 1257 2288 Gravius
1295 2220 1496 2287 etiam
1536 2228 1829 2288 erratum
1871 2229 1971 2289 est
2006 2220 2076 2287 in
2112 2220 2554 2312 explicatione
2582 2218 2966 2306 verborum,

762 2345 940 2414 quae
970 2344 1034 2395 v.
1061 2320 1184 2391 39.
1219 2323 1313 2390 sic
1343 2323 1600 2447 scripta
1639 2322 2072 2416 legebantur.
2126 2323 2368 2441 σχῆμα
2404 2323 2850 2404 τελειοῦντες
2876 2352 2962 2396 το

762 2416 1338 2521 τρικροῖσπεδον,
1426 2423 1600 2499 οὔτε
1665 2420 2079 2520 προςόντων
2155 2417 2571 2522 ἀλλοχρόων
2645 2418 2962 2523 ταύρων,

764 2526 901 2603 οὔτ
915 2524 1547 2620 ἐπιλειπομένων.
1653 2528 1789 2597 Hic
1819 2528 2135 2623 profecto
2170 2528 2359 2597 nimis
2403 2550 2640 2598 secure
2672 2528 2964 2598 scholia-

763 2641 936 2703 stam
970 2630 1234 2722 sequuti
1269 2641 1420 2701 sunt
1449 2632 1869 2726 interpretes.
1952 2632 2045 2701 At
2074 2632 2211 2701 sive
2243 2632 2412 2701 ille
2395 2656 2541 2724 ipse
2572 2643 2962 2726 computare

762 2737 1051 2805 rationes
1096 2735 1252 2803 istas
1299 2746 1573 2805 conatus
1621 2747 1758 2823 est,
1811 2738 1949 2806 sive
1985 2737 2074 2804 ab
2102 2736 2235 2805 alio
2262 2747 2545 2828 accepta
2571 2738 2831 2824 retulit,
2882 2738 2964 2806 il-

760 2839 883 2908 lud
923 2847 1237 2932 apertum
1263 2848 1397 2929 est,
1449 2839 1614 2908 nihil
1641 2841 1728 2908 ab
1762 2863 1846 2909 eo
1883 2841 2159 2909 allatum
2188 2862 2372 2928 esse,
2425 2839 2612 2930 quod
2645 2840 2963 2909 difficilli-

760 2966 943 3011 mam
998 2950 1265 3035 partem
1305 2942 1746 3033 problematis
1792 2947 2218 3037 explanaret,
2270 2942 2393 3011 sed
2429 2944 2585 3013 satis
2635 2966 2789 3012 eum
2837 2944 2965 3012 ha-

761 3047 986 3115 buisse
999 3096 1020 3134 ,
1090 3055 1387 3114 mentem
1443 3047 1907 3133 Archimedis,
1970 3056 2041 3116 et
2080 3047 2154 3115 id
2197 3068 2470 3136 quoque
2515 3048 2964 3139 negligenter,

759 3148 1090 3219 indicare.
1142 3148 1265 3217 nisi
1298 3149 1446 3238 quis
1482 3151 1826 3237 ostendat,
1880 3151 1997 3241 qui
2025 3151 2229 3242 positi
2262 3149 2350 3217 ab
2384 3172 2468 3220 eo
2501 3159 2655 3218 sunt
2681 3152 2962 3237 numeri,

760 3250 1109 3343 quomodo
1150 3274 1280 3345 per
1305 3251 1665 3323 fractiones
1703 3262 1771 3322 et
1811 3253 2212 3343 quadratum
2227 3302 2249 3340 ,
2303 3253 2420 3343 qui
2452 3252 2844 3343 requiritur,
2898 3263 2967 3322 et

757 3357 1115 3447 triquetros
1148 3355 1465 3428 efficiant.
1538 3358 1753 3426 Nobis
1787 3356 2086 3448 quidem,
2137 3357 2254 3447 qui
2284 3357 2510 3447 ipsum
2542 3358 2965 3450 epigramma

758 3468 911 3528 ante
946 3459 1178 3528 oculos
1225 3458 1630 3549 habeamus,
1687 3459 1825 3528 hoc
1864 3461 2123 3553 potins,
2191 3481 2397 3550 quam
2436 3460 2768 3553 interpres
2817 3461 2962 3547 iste,

759 3560 1169 3631 audiendum
1213 3571 1332 3653 est.
1437 3564 1531 3632 At
1564 3562 1728 3654 qnid
1756 3563 1894 3633 hoc
1927 3572 2060 3632 est:
2110 3562 2468 3631 badiorum
2514 3572 2583 3631 et
2624 3564 2961 3632 variorum

757 3674 1102 3734 taurorum
1131 3686 1383 3757 greges
1414 3667 1749 3736 coniuncti
1786 3688 2144 3735 numerum
2176 3667 2579 3759 triquetrum
2608 3668 2959 3760 praebent,

756 3790 979 3857 neque
1031 3766 1481 3837 adnumeratis
1527 3770 1696 3839 alius
1761 3771 2003 3839 coloris
2065 3771 2305 3858 tauriS,
2385 3792 2609 3860 neque
2666 3770 2961 3840 relictis?

759 3871 971 3956 Quod
1007 3871 1256 3940 Struvii
1287 3871 1537 3959 volunt,
1589 3868 1761 3946 οὔτ’
1787 3874 2352 3967 ἐπιλειπομένων
2383 3872 2808 3942 abundanter
2834 3874 2958 3941 ad-

758 3974 971 4043 ditum
1002 3996 1186 4062 esse,
1237 3973 1309 4042 id
1346 3984 1448 4043 est
1486 3976 1790 4046 iniuriam
1821 3976 2049 4046 facere
2095 3976 2403 4069 scriptori
2428 3977 2952 4070 epigrammatis.

752 4079 933 4147 Nam
976 4079 1104 4147 ista
1151 4077 1429 4168 quidem
1466 4103 1605 4149 non
1655 4080 1876 4151 solnm
1918 4082 2183 4174 inepta,
2235 4079 2359 4150 sed
2420 4081 2626 4174 plane
2666 4079 2955 4152 absurda

747 4420 831 4479 At
869 4415 1021 4477 nihil
1056 4417 1309 4498 prodest
1345 4417 1709 4497 quadratus,
1761 4417 1881 4478 nisi
1910 4417 2092 4479 etiam
2129 4415 2444 4498 triquetri,
2491 4435 2751 4497 qnorum
2785 4417 2838 4479 is
2863 4417 2942 4478 in-

746 4504 1067 4566 tervallum
1107 4503 1219 4582 sit,
1261 4503 1627 4567 indicantur.
