3259 5275
1012 494 1636 560 COLVTHI.
1777 511 1786 519 '
2308 505 2437 567 210

253 700 345 765 θα
391 685 455 763 δ’
470 744 497 779 ,
562 685 683 755 sed
728 678 987 760 ἕνθάδ’
1027 688 1395 756 correxeris
1412 739 1433 778 ‚
1488 690 1646 759 satis
1691 689 1865 758 bene
1909 690 2132 758 omnia
2174 690 2432 761 cohae—

248 795 483 862 rebunt.
534 790 687 858 Erit
714 789 883 857 illud
917 782 1185 863 ἐνθάδε
1215 789 1304 857 ad
1329 792 1571 859 montis
1603 792 1949 861 1dae,loca
1978 793 2431 876 referendum,

249 900 306 966 in
346 895 576 987 quibus
622 892 923 985 degebat
967 893 1188 979 Paris,
1254 903 1330 962 ut
1375 895 1508 961 iam
1559 905 1879 985 sequatur
1926 896 2091 985 quid
2130 897 2241 965 ille
2288 909 2429 968 tum

250 1002 474 1093 egerit,
527 1019 736 1089 quum
772 997 863 1064 ad
896 1018 1053 1086 eum
1095 998 1354 1065 veniret
1393 996 1795 1068 Mercurius.
1839 1059 1852 1076 ,
1901 1000 2078 1068 Ante
2124 1002 2429 1069 ultimum

249 1104 468 1173 horum
494 1123 808 1171 versuum
846 1099 1098 1190 aliquid
1132 1101 1457 1169 excidisse
1497 1103 1606 1169 vix
1640 1111 1867 1195 potest
1899 1102 2205 1173 dubitari.

336 1205 511 1379 Ίὲῖἶ.
544 1202 717 1277 127.
773 1204 862 1273 de
902 1197 1233 1298 μεθήσας
1270 1204 1595 1274 videndus
1629 1205 2019 1275 Lobeckius
2056 1206 2145 1275 ad
2175 1207 2428 1299 Plu-yn.

248 1334 310 1403 p.
482 1366 498 1382 .

431 1445 510 1516 V.
540 1441 713 1513 136.

335 1600 583 1695 χειροῖν
614 1592 1062 1691 μειδιόωντα
1095 1598 1285 1695 διίιης
1311 1598 1830 1696 προπάροιθεν
1866 1598 2129 1673 ἑλοῦσα

335 1708 523 1776 τοῖον
562 1696 1015 1797 Ἀλεξάνδρῳ
1042 1696 1440 1799 μυθήσατο
1471 1702 1727 1796 μῦθον
1763 1696 2069 1801 Ἀθήνη.

250 1855 471 1924 Tribus
501 1854 677 1924 haec
713 1855 963 1924 affecta
1002 1865 1153 1924 sunt
1186 1856 1376 1943 vitiis,
1417 1858 1667 1950 primo,
1704 1854 1894 1946 quod
1920 1879 2054 1925 non
2084 1865 2236 1926 sunt
2264 1881 2434 1927 nexa

251 1959 715 2051 superioribus;
764 1961 1083 2047 secundo,
1114 1960 1299 2052 quod
1333 1983 1470 2028 non
1503 1969 1790 2051 apparet
1821 1983 1940 2027 cur
1967 1960 2154 2028 Paris
2184 1960 2435 2044 rideat3

251 2065 454 2150 tertio,
502 2065 694 2154 quod
728 2064 1076 2133 Minervae
1116 2086 1477 2155 personam
1512 2062 1804 2131 dedecet
1845 2062 1957 2130 hic
2006 2065 2433 2156 supplicandi

250 2166 483 2238 modus.
547 2166 612 2234 E
640 2168 796 2236 cod.
826 2168 1001 2237 Mut.
1032 2166 1376 2259 scripturis
1403 2170 1571 2259 μειλ
1612 2193 1654 2237 ν
1710 2192 1884 2238 εντα
1917 2174 1986 2233 et
2019 2167 2088 2234 in
2114 2168 2248 2237 fine
2275 2192 2433 2236 ver-

252 2292 345 2339 sus
375 2263 660 2364 ἑλόσσης
698 2295 939 2341 vereor
980 2283 1055 2340 ut
1085 2268 1338 2360 aliquid
1372 2271 1516 2339 erui
1541 2268 1774 2362 possit.
1877 2267 2036 2337 Fuit
2067 2271 2255 2338 haud
2297 2271 2431 2340 du-

251 2372 346 2441 bie
369 2395 493 2466 pro
521 2371 659 2442 hoc
694 2398 894 2444 versu
937 2375 1119 2442 aliud
1149 2373 1314 2464 quid
1357 2374 1680 2466 scriptum
1709 2396 1754 2440 a
1785 2381 2028 2463 poeta:
2079 2374 2227 2466 ipse
2271 2398 2429 2444 ver-

252 2497 347 2545 sus
375 2484 591 2545 autem
629 2487 702 2547 et
733 2479 1062 2571 genuinus
1103 2485 1203 2545 est
1232 2486 1299 2546 et
1328 2478 1727 2569 aptissimus,
1782 2475 1836 2543 si
1864 2475 1932 2543 in
1961 2477 2186 2545 locum
2216 2500 2411 2546 suum
2432 2478 2532 2550 16

252 2590 588 2672 reponatur
615 2592 780 2677 post
801 2605 868 2657 V.
901 2578 1076 2652 158.
1107 2579 1226 2651 ubi
1249 2581 1339 2650 de
1364 2578 1634 2651 Venere
1661 2577 2116 2673 impudentius
2149 2581 2436 2653 instante

253 2706 446 2753 sermo
483 2695 615 2756 est:

337 2845 495 2912 τοῖα
524 2840 601 2913 δὲ
628 2832 1029 2933 μειδιόωσα
1063 2837 1488 2932 προςέννεπε
1518 2835 2037 2933 μηλοβοτῆρα,

340 2943 589 3040 χειρῶν
615 2935 1062 3035 μειδιόωντα
1093 2940 1283 3038 δίκης
1310 2932 1819 3037 προπάροιθεν
1847 2938 2133 3012 ἑλοῦσα.

433 3093 516 3170 V.
550 3093 723 3165 144.
778 3095 1000 3164 Nonni
1039 3103 1445 3164 sectatorum
1480 3092 1663 3160 stilus
1693 3090 1892 3162 scribi
1919 3091 2143 3180 iubet,

342 3263 637 3346 πείθεο,
692 3265 812 3341 καὶ
836 3265 1191 3354 πολέμους
1215 3289 1295 3336 σε
1328 3260 1448 3335 καὶ
1477 3256 1782 3361 ἠνορέην
1820 3289 1899 3336 σε
1933 3257 2214 3346 διδάξω.

258 3431 423 3503 Libri
451 3438 809 3529 πολέμους
835 3463 919 3509 τε
944 3434 1087 3508 καί.
1190 3434 1367 3503 Sunt
1387 3431 1562 3501 haec
1594 3432 1768 3521 levia
1788 3480 1811 3517 ‚
1869 3430 1991 3500 sed
2027 3443 2255 3501 tamen
2296 3456 2434 3503 non

259 3539 657 3631 negligenda
762 3538 1114 3608 Eiusmodi
1156 3545 1257 3606 est
1309 3558 1689 3627 pronomen
1739 3536 1853 3625 σε’,
1922 3536 2112 3623 quod
2151 3560 2214 3604 v.
2263 3536 2433 3609 148.

259 3651 421 3710 recte
453 3643 813 3713 Bekkerus
853 3652 923 3710 et
947 3640 1329 3711 Wernikius
1372 3638 1464 3707 ad
1490 3638 1764 3709 Colnth.
1801 3662 1875 3731 p.
1907 3637 2079 3706 264.
2106 3650 2266 3731 post
2294 3635 2435 3712 πά-

263 3766 368 3838 σης
380 3798 407 3833 ,
456 3769 589 3814 non
619 3756 782 3839 post
808 3741 1054 3841 Ἀσίης
1070 3797 1091 3834 ,
1144 3752 1220 3812 ut
1246 3742 1666 3835 Lennepius‚
1717 3743 2039 3811 insertum
2064 3741 2436 3816 voluerunt.

263 3842 419 3915 lneo
444 3859 664 3918 autem
698 3850 815 3940 qui
847 3847 1187 3916 antecedit
1218 3868 1419 3915 versu
1433 3846 1644 3915 verba
1668 3846 1763 3914 sic
1793 3844 2114 3939 distingui
2146 3844 2435 3917 debent:

355 4018 422 4089 εἴ
438 4045 531 4110 με
563 4020 947 4118 διακρίνων
974 4018 1588 4116 προφερέστερον,
1644 4017 1843 4111 ἔρνος
1873 4008 2247 4097 ὀπάσσαις.

266 4181 460 4256 Immo
490 4192 559 4262 εἰ
582 4192 716 4282 με’,
767 4190 1213 4281 inquiantqui
1251 4189 1439 4282 apud
1476 4186 2040 4279 Tryphiodornm
2070 4210 2109 4255 e
2153 4210 2218 4259 v,
2261 4185 2437 4262 4⁰5.

269 4288 349 4375 μὲ
372 4291 485 4364 καὶ
518 4287 782 4390 αὐτήν,
835 4292 1098 4384 aliaque
1130 4293 1289 4361 alibi
1311 4292 1546 4362 similia
1572 4290 2054 4383 procuderant,
2107 4313 2282 4379 quae
2307 4315 2436 4360 no-

269 4386 357 4459 bis
386 4416 517 4463 non
549 4396 855 4466 videntur
883 4420 1030 4466 esse
1071 4419 1207 4465 non
1236 4395 1618 4490 appetentis
1660 4393 2229 4465 soloecismorum.
2325 4393 2443 4468 ”H

272 4488 348 4582 μ’
375 4491 693 4595 ἀνάειρ’,
741 4500 787 4597 ἢ
813 4494 952 4595 5703
979 4502 1077 4574 σε’.
