3259 5275
776 489 908 554 218
1010 479 1015 490 ’
1505 484 2268 549 ΕΜΕΝΒΔΤῙΟΝΕὸ

778 698 939 849 {ta
969 673 1293 847 {guero
1336 683 1546 768 poeta
1585 677 1767 746 visus
1817 684 1918 746 est
1963 676 2261 746 similiter
2304 677 2538 747 lusisse
2579 685 2658 748 ιιι
2709 679 2981 750 Nonnus

887 942 1108 1031 αὐτός
1138 952 1337 1043 ἐμοῖς
1363 946 1674 1042 ὤμοισιν
1704 942 1885 1047 ἑμήν
1916 949 2238 1024 Νίκαιαν
2272 948 2558 1048 άιίρων.

781 1122 876 1194 At
902 1120 1073 1190 haec
1118 1119 1319 1188 valde
1369 1120 1638 1189 diversa
1685 1127 1872 1206 sunt,
1916 1120 2241 1211 quodque
2285 1131 2450 1215 apte
2478 1122 2644 1191 dixit
2689 1122 2983 1210 Nonum,

777 1225 1104 1317 frig-idum
1133 1232 1309 1292 esset
1339 1224 1525 1315 apud
1571 1222 1957 1293 ΟοΙιιιΙιιιιιι.
2063 1224 2265 1292 Hunc
2311 1225 2675 1317 oportebat
2716 1229 2985 1319 gravius

779 1328 946 1420 quid
973 1326 1371 1420 praedicare
1397 1327 1487 1396 de
1514 1319 1741 1396 oestrd
1773 1327 2050 1413 morie,
2103 1335 2178 1394 nt
2203 1350 2359 1395 eum
2387 1351 2523 1397 ιιοιι
2552 1331 2811 1398 leviora
2841 1331 2985 1398 vnl-

778 1455 942 1500 nera
970 1433 1196 1500 facere
1223 1452 1427 1519 quam
1457 1430 1698 1499 Martis
1727 1431 1896 1518 tela,
1952 1429 2074 1498 sed
2108 1453 2190 1499 ea
2217 1440 2445 1499 tamen
2470 1455 2638 1517 non,
2689 1441 2767 1501 ιιι
2796 1434 2984 1517 illius,

778 1536 1156 1622 mortifera,
1212 1532 1483 1603 diceret.
1585 1534 1747 1626 Ego
1784 1534 1896 1602 illa
1935 1533 2073 1600 dno
2102 1534 2313 1602 verba
2356 1534 2521 1603 nihil
2560 1537 2682 1604 nisi
2734 1535 2984 1605 discre-

776 1640 1075 1733 pantiam
1104 1639 1472 1730 scripturae
1514 1660 1661 1705 esse
1699 1646 1907 1728 puto,
1961 1659 2170 1726 quum
2208 1638 2319 1705 alii
2362 1639 2734 1707 scriberent
2778 1637 2984 1734 φιλό-

777 1768 995 1840 τητος
1030 1740 1203 1838 ἐμῆς
1239 1736 1577 1861 οἶστρον,
1631 1739 1740 1807 alii
1792 1734 2184 1836 φιλότητος
2215 1734 2395 1831 ε’μον
2436 1737 2763 1836 οἶστρον.
2865 1742 2983 1810 His

777 1845 845 1915 in
872 1867 1078 1913 unum
1111 1842 1472 1911 coniunctis
1506 1843 1861 1934 expulsum
1894 1851 1996 1911 est
2027 1841 2450 1912 adiectivnrn.
2503 1844 2800 1913 Videtur
2826 1844 2983 1912 mihi

775 1957 984 2041 poeta
1010 1947 1369 2039 scripsisse
1393 1938 1784 2044 φιλότητος
1817 1945 1990 2042 ἐμῆς
2020 1939 2260 2040 βαρυν
2288 1942 2585 2041 οἶστρον
2612 1947 2932 2021 ἑλοῦσαι.

678 2034 777 2107 15
977 2053 1239 2144 Aperte
1260 2051 1659 2143 perturbata
1685 2057 1876 2134 sunt,
1928 2070 2104 2138 quae
2128 2072 2192 2117 v.
2226 2048 2268 2117 1
2286 2049 2396 2120 10.
2425 2051 2784 2143 leguntur·
2765 2101 2784 2120 .

875 2228 1029 2303 τοῖς
1055 2214 1231 2310 Scir,
1286 2212 1615 2315 σι’ριγγος
1647 2223 1717 2301 ἐς
1751 2216 1941 2339 η”θεα
1966 2211 2180 2312 βαιος
2209 2211 2518 2308 ὄδευων,

875 2321 1290 2450 α’γροτέρην
1301 2316 1646 2415 καλάμων
1676 2315 1974 2417 λιγυρήν
2013 2320 2297 2395 ἐδίωκεν
2337 2315 2615 2417 αόιδήν.

874 2421 1177 2502 πολλάκι
1218 2420 1290 2498 δ’
1315 2418 1767 2498 οἰοπόλοισιν
1793 2423 1897 2497 ἑνὶ
1924 2429 2371 2517 σταθμοῖσιν
2404 2420 2704 2511 αἐἰδων,

875 2529 995 2604 καὶ
1028 2552 1319 2623 ταυρων
1348 2524 1661 2653 ἀμέλησε
1688 2524 1806 2599 καὶ
1841 2522 1969 2599 οὐκ
1998 2519 2355 2619 ἐμπάζετο
2384 2519 2674 2651 μήλων,

875 2635 1093 2709 ἔνθεν
1122 2633 1302 2722 ἔχων
1338 2654 1642 2754 συριγγα
1672 2658 1809 2703 κατ
1821 2625 2057 2727 ’ἤθεα
2087 2622 2272 2704 καλα
2296 2623 2623 2726 νομήων,

873 2737 1072 2812 Πανὶ
1101 2733 1223 2808 καὶ
1247 2726 1626 2857 Ἑρμάωνι
1657 2733 1870 2863 φίλην
1901 2727 2342 2827 άνεβάλλετο
2368 2726 2687 2831 μολπήν.

873 2836 965 2915 οὗ
986 2834 1188 2921 κύνες
1218 2864 1544 2935 ωρυοντο
1583 2835 1718 2908 καὶ.
1735 2832 1824 2910 οὐ
1861 2831 2238 2934 μυκήσατο
2274 2837 2562 2973 ταῦρος.

768 3010 875 3080 De
916 3008 1171 3096 multiS‚
1224 3030 1400 3098 quae
1443 3005 1557 3074 hic
1606 3006 1874 3075 molitus
1921 3014 2022 3074 est
2066 3005 2378 3074 Graefius
2394 3057 2416 3094 ,
2467 2962 2634 3074 illud
2680 3005 2974 3097 aliquam

767 3114 910 3182 veri
956 3115 1256 3205 speciem
1300 3109 1540 3196 habet,
1609 3108 1800 3199 quod
1849 3109 2137 3200 duplicis
2178 3110 2578 3178 recensionis
2626 3109 2760 3177 sibi
2801 3111 2972 3179 visus

767 3226 868 3287 est
915 3217 1195 3310 vestigia
1254 3211 1803 3307 deprehendisse.
1906 3212 2050 3281 Sed
2104 3222 2325 3281 tamen
2347 3265 2367 3301 ‚
2437 3213 2493 3281 si
2539 3212 2706 3302 quid
2751 3214 2972 3295 video,

763 3321 1062 3389 faciliore
1099 3342 1312 3413 opera
1356 3341 1466 3386 res
1498 3316 1803 3409 expediri
1832 3323 2081 3409 potest.
2180 3316 2258 3384 ln
2286 3315 2509 3408 primo
2539 3314 2793 3383 horum
2821 3340 2968 3384 ver-

763 3446 957 3493 suum
1002 3423 1158 3491 cod.
1207 3421 1382 3490 Mut.
1434 3426 1638 3500 τοῖος
1684 3417 1858 3494 ἐπεί.
1963 3418 2056 3486 vt
2098 3418 2397 3502 videtur,
2465 3419 2667 3487 etiam
2720 3415 2966 3511 βαιάν,

763 3525 951 3618 quod
992 3550 1127 3596 non
1158 3524 1593 3620 praetulerim
1625 3522 1922 3616 vulgato.
2027 3522 2480 3591 scribendum
2503 3522 2806 3592 videtur:

864 3696 1062 3773 τοῖος
1095 3690 1248 3766 ἐπει
1276 3686 1628 3814 σήραγγας
1666 3696 1735 3773 ἐς
1770 3689 1966 3812 ἤθεα
1989 3682 2204 3784 βαιος
2232 3683 2517 3777 cidarim,

866 3790 1282 3893 άγροτέρων
1313 3788 1658 3888 καλάμων
1686 3786 1982 3891 λιγυρην
2022 3793 2308 3867 ἐδίωκεν
2339 3786 2613 3882 αόιδήν.

760 3960 1217 4060 Αγροτέρων
1251 3975 1438 4035 recte
1484 3963 1870 4034 emendavit
1901 3962 2252 4033 Graefius.
2303 3984 2527 4053 neque
2569 3961 2749 4031 enim
2791 3962 2959 4030 haec

760 4078 1118 4161 poetarum
1147 4080 1333 4139 secta
1364 4069 1503 4137 duo
1536 4068 1879 4161 coniungit
1911 4068 2212 4160 epitheta
2241 4067 2569 4136 ornantia.
2674 4058 2956 4162 Σήραγ-

760 4197 880 4264 γος
918 4195 1072 4240 mea
1114 4180 1216 4242 est
1264 4173 1681 4257 coniectura,
1733 4173 1800 4240 in
1845 4194 2050 4262 quam
2096 4193 2307 4261 quum
2347 4171 2638 4264 plurima
2674 4175 2957 4238 tentaret

760 4274 960 4343 etiam
992 4275 1308 4346 Graefius
1340 4274 1589 4347 incidit.
1653 4276 1731 4343 In
1769 4276 2002 4364 quinto
2029 4298 2232 4344 versu
2260 4274 2450 4364 quod
2491 4298 2532 4343 e
2567 4273 2722 4341 cod.
2761 4272 2949 4341 Voss.

755 4377 1036 4448 affertur
1068 4381 1319 4469 ἔνθεα,
1372 4378 1537 4447 nihil
1567 4378 1750 4449 aliud
1782 4388 1884 4447 est
1924 4402 2132 4470 quam
2172 4378 2361 4468 qnod
2402 4379 2468 4446 in
2499 4379 2722 4470 primo
2751 4374 2948 4444 Paris.

749 4483 995 4576 legitur
1029 4484 1243 4559 ἔνθεν
1275 4506 1485 4576 snpra
1515 4483 1771 4575 scripto
1805 4510 1871 4554 α.
1982 4483 2062 4550 ld
2093 4484 2307 4551 sinon
2331 4490 2407 4550 ιιι
2430 4481 2812 4574 Lennepius
2839 4480 2944 4552 ἓν·
