3259 5275
778 456 908 521 8⁰0
1328 453 1467 513 DE
1554 451 2362 514 HYPERBOLE

783 647 992 715 verba
1039 655 1192 714 sunt
1238 644 1307 712 in
1354 644 1656 713 oratione
1706 652 1938 713 contra
1987 646 2472 721 Aristocratem
2526 671 2597 741 p.
2649 646 2829 738 641,
2866 648 2986 725 28.

783 752 1012 824 τοῦτο
1041 745 1276 843 μόνον
1309 740 1402 820 ‘td
1429 740 1897 868 δικαστήριον
1924 744 2086 839 οὐχὶ
2116 742 2489 844 τύραννος,
2541 747 2673 825 οὐὲι
2695 749 2992 848 ὀλιγαρ·

785 853 937 944 χία,
992 850 1081 925 οὐ
1112 850 1562 973 ἀημοκρατία
1592 878 1720 930 τας
1751 877 2049 946 φονικας
2079 851 2275 933 δίκας
2299 848 2710 949 ἀφελέσθαι
2738 851 2987 930 τετόλ-
3029 883 3040 886 ·

782 982 1053 1054 μηκεν,
1107 947 1293 1026 ἄλλα
1323 946 1590 1034 πάντες
1625 950 2160 1084 dodfve'orepov
2191 955 2283 1027 ἄν
2312 952 2406 1029 ‘to‘
2438 957 2719 1032 δίκαιον
2751 957 2991 1055 εὑρεῖν

783 1057 1127 1155 ἡγοῦνται
1166 1055 1331 1154 περι
1376 1049 1662 1129 τούτων
1694 1051 1910 1130 αυτοὶ
1947 1060 2089 1131 τοῦ
2124 1085 2325 1155 παρα
2354 1054 2650 1142 τούτοις
2678 1060 2990 1160 εὑρημέ-

784 1188 914 1234 νου
947 1159 1248 1234 δικαίου.
1351 1160 1483 1228 Vix
1512 1159 1833 1230 credibile
1863 1160 2204 1247 videatur,
2213 1164 2479 1255 sperni
2508 1172 2647 1231 tam
2676 1165 2990 1259 locuple-

781 1277 919 1334 tem
970 1274 1210 1334 testem
1258 1264 1573 1356 potuisse.
1679 1264 1946 1332 Tamen
2003 1265 2259 1333 factum
2310 1275 2428 1335 est.
2534 1269 2723 1336 Nam
2776 1292 2988 1358 quum

780 1369 1087 1460 Tayloro
1130 1377 1404 1435 auctore
1464 1367 1792 1436 creditum
1844 1377 2056 1454 esset,
2127 1370 2329 1438 etiam
2391 1369 2479 1439 de
2550 1371 2760 1440 caede
2811 1372 2988 1446 iudi-

782 1471 976 1541 candi
1028 1481 1429 1565 potestatem
1489 1471 1882 1564 ademptam
1950 1494 2098 1541 esse
2158 1475 2536 1566 Areopago
2551 1525 2573 1562 ,
2642 1476 2987 1568 repellen-

781 1576 908 1644 dus
945 1599 1089 1645 esse
1117 1576 1292 1643 visus
1326 1585 1458 1662 est,
1511 1576 1627 1665 qui
1673 1576 2075 1644 contrarium
2124 1575 2528 1663 affirmaret,
2571 1577 2987 1649 Demosthe-

780 1703 898 1749 nes
914 1728 936 1764 ‚
1012 1690 1357 1769 tamquam
1418 1679 1534 1769 qui
1584 1701 1730 1747 rem
1778 1689 2257 1772 exaggerasset
2308 1680 2589 1748 ornandi
2634 1682 2987 1777 Areopagi

780 1806 1032 1852 caussa.
1141 1782 1350 1868 Quod
1393 1803 1529 1849 non
1574 1791 1720 1850 erat
1743 1783 2030 1875 provide
2072 1785 2694 1876 circumspecteque
2725 1786 2982 1856 iudica·

776 1898 955 1956 tum:
1024 1885 1144 1956 sed
1186 1885 1440 1953 dictum
1481 1886 1690 1954 semel
1724 1887 2219 1978 repetitumque
2259 1889 2348 1956 ab
2399 1888 2540 1957 aliis
2558 1938 2578 1976 ,
2632 1888 2984 1959 defensum

776 2001 876 2060 est
894 2041 916 2077 ‚
986 1993 1125 2058 sive
1169 1987 1356 2080 quod
1402 2012 1636 2058 verum
1696 2012 1843 2058 esse
1883 1990 2272 2059 crederetur
2289 2044 2309 2082 ,
2364 1993 2537 2080 sive,
2600 2001 2678 2060 ut
2723 1994 2837 2082 fit,
2902 2018 2983 2064 ne

773 2094 1113 2188 prolatum
1144 2094 1487 2162 videretur
1511 2093 1700 2183 quod
1731 2093 1974 2162 falsum
2015 2104 2206 2164 esset.
2311 2095 2406 2164 At
2439 2096 2835 2187 priusquam
2874 2121 2982 2165 ar-

772 2207 1091 2293 gumenta
1118 2248 1138 2287 ,
1205 2221 1382 2288 quae
1427 2196 1984 2267 communiendae
2026 2200 2120 2267 iili
2162 2199 2461 2291 opinioni
2502 2211 2726 2268 essent
2743 2252 2763 2288 ,
2819 2223 2980 2270 eon-

775 2304 1225 2391 quirerentur,
1290 2300 1657 2370 videndum
1700 2312 1876 2388 erat,
1907 2307 2028 2372 ‘ne
2074 2303 2466 2395 repudiatus
2507 2312 2683 2372 esset
2720 2303 2980 2373 Demo-

773 2406 1041 2474 sthenes
1096 2404 1668 2474 inconsideratius.
1774 2406 1954 2474 Nam
2000 2406 2162 2496 quid
2209 2417 2311 2476 est
2353 2406 2627 2475 tandem
2677 2431 2981 2502 exagge—

772 2509 943 2578 ratio
958 2509 993 2578 P
1044 2509 1466 2601 Exaggerari
1514 2509 1790 2599 quidem
1841 2531 1975 2578 non
2007 2520 2236 2604 potest
2250 2562 2269 2596 ,
2322 2510 2512 2600 quod
2544 2511 2800 2580 nullum
2845 2522 2980 2581 est:

700 2617 711 2625 ’
771 2613 931 2705 quia
992 2635 1170 2704 quae
1222 2633 1358 2681 non
1411 2623 1600 2701 sunt,
1666 2637 1889 2704 neque
1951 2617 2188 2708 augeri
2235 2623 2523 2709 possunt
2576 2638 2702 2683 nec
2751 2617 2977 2690 minui.

771 2718 1003 2804 Quare
1054 2717 1111 2785 si
1165 2716 1464 2807 quodam
1501 2726 1817 2810 tempore
1875 2741 2009 2786 nou
2061 2719 2297 2788 habuit
2347 2726 2754 2812 potestatem
2797 2720 2980 2788 illam

766 2824 1196 2914 Areopagus,
1248 2820 1594 2909 quomodo
1625 2845 1756 2912 per
1778 2824 2370 2916 exaggerationem
2393 2823 2524 2891 dici
2552 2825 2774 2915 potuit
2797 2824 2979 2892 nullo

767 2936 1077 3019 tempore
1121 2947 1255 2993 non
1297 2924 1611 2993 habuisse
1629 2924 1665 2993 ?
1717 2925 1961 3016 Neque
1994 2949 2155 2995 vero
2201 2936 2300 2995 est
2342 2926 2751 2996 extenuatio:
2805 2951 2980 3018 quae

655 3020 662 3032 ¹
770 3030 1210 3123 exaggeratio
1258 3039 1358 3098 est
1402 3029 1794 3122 exiguitatis,
1899 3029 2008 3097 Ea
2047 3030 2324 3120 quidem
2371 3053 2585 3121 quum
2626 3052 2837 3122 saepe
2889 3033 2980 3099 ita

768 3136 919 3221 fiat,
972 3142 1049 3201 ut
1071 3132 1259 3225 quod
1289 3155 1531 3225 parum
1562 3142 1665 3201 est
1701 3132 1809 3200 vel
1835 3132 2000 3201 nihil
2033 3156 2180 3202 esse
2215 3135 2319 3202 vel
2346 3156 2485 3227 non
2520 3156 2670 3203 esse
2698 3133 2980 3221 dicatur,

768 3238 980 3306 videri
1011 3247 1241 3330 posset
1276 3235 1774 3306 Demosthenes
1801 3259 1948 3304 rem
1975 3246 2398 3324 extenuasse,
2453 3236 2508 3306 si
2542 3246 2611 3305 et
2657 3236 2980 3329 adempta

767 3342 879 3409 ilia
913 3340 1164 3409 iudicia
1207 3340 1579 3434 Areopago
1618 3363 1746 3433 per
1791 3340 2001 3417 breve
2041 3348 2311 3434 tempus
2349 3341 2665 3428 fuissent,
2720 3349 2792 3409 et
2833 3342 2981 3433 ipse

769 3453 946 3513 esset
981 3444 1172 3513 aliter
1210 3444 1547 3534 loquutuS.
1653 3444 1748 3513 At
1779 3467 2025 3513 novem
2062 3445 2324 3513 circiter
2352 3442 2803 3538 Olympiades
2842 3467 2980 3513 non

769 3572 916 3617 esse
953 3549 1020 3616 in
1062 3548 1435 3640 Areopago
1470 3547 1559 3616 de
1605 3548 1816 3617 caede
1849 3548 2216 3617 iudicatum
2249 3548 2516 3617 volunt:
2560 3547 2977 3617 Demosthe-

767 3675 884 3720 nes
921 3663 1145 3720 autem
1183 3651 1429 3720 diserte
1457 3652 1696 3720 nullo
1675 3676 1746 3720 m
1775 3660 1949 3719 statu
1974 3653 2074 3721 rei
2111 3653 2427 3744 publicae
2458 3651 2833 3721 intermissa
2865 3652 2977 3720 ma

664 3745 1022 3823 lSiudicia
1066 3779 1210 3824 esse
1262 3756 1372 3839 ait,
1439 3766 1645 3857 atque
1694 3779 1779 3824 ne
1827 3778 2064 3824 ausum
2117 3757 2396 3847 quidem
2441 3778 2768 3856 umquam
2830 3778 2974 3824 esse

760 3882 1172 3949 quemquam
1199 3859 1361 3928 illud
1394 3860 1759 3928 institutum
1800 3869 2081 3929 mutare.
2185 3860 2381 3954 Ergo
2410 3881 2631 3950 neque
2667 3881 2975 3952 exagge-

760 3963 932 4031 ravit
974 3987 1197 4053 neque
1245 3964 1660 4052 extenuavit,
1715 3963 1838 4032 sed
1884 3964 2193 4032 mentitus
2232 3974 2370 4053 est,
2425 3972 2496 4032 et
2528 3962 2807 4053 quidem
2839 3985 2973 4031 non

762 4067 977 4134 solum
1010 4066 1587 4160 impudentissime
1605 4122 1624 4156 ,
1679 4090 1888 4157 quum
1937 4089 2170 4135 omnes
2189 4115 2211 4151 ‚
2252 4068 2371 4157 qui
2412 4089 2563 4135 eam
2603 4067 2972 4135 orationem

762 4171 1159 4258 audiebant,
1214 4170 1381 4240 falsa
1421 4169 1552 4237 dici
1587 4171 1871 4273 scirent,
1924 4171 2045 4239 sed
2094 4171 2295 4239 etiam
2346 4170 2766 4260 stultissime,
2818 4171 2972 4259 quia

763 4298 847 4342 eo
881 4274 1234 4342 mendacio
1269 4297 1541 4343 caussae
1581 4274 1714 4363 illi,
1765 4274 1835 4341 in
1868 4297 2002 4364 qua
2043 4273 2565 4344 demonstranda
2598 4281 2738 4342 tam
2765 4296 2964 4341 accu-

758 4389 901 4447 rate
933 4378 1335 4465 elaboravit,
1389 4386 1625 4470 aperte
1658 4378 2030 4462 nocuisset,
2082 4379 2265 4446 nulla
2300 4376 2699 4470 praesertim
2731 4399 2960 4445 neces·

758 4481 947 4551 sitate
997 4492 1070 4551 ut
1109 4482 1233 4550 ista
1275 4482 1529 4551 diceret
1565 4489 1869 4574 urgente.
1929 4514 1933 4519 ·
1978 4479 2282 4552 Credant
2325 4480 2501 4553 haec
2545 4481 2663 4572 qui
2705 4481 2958 4550 volent:
