3259 5275
640 497 689 558 4
1320 483 1436 546 DE
1489 481 2033 546 PARTICVLA
2083 477 2161 546 ἄν

649 667 1024 775 optandum
1064 686 1165 747 est
1186 728 1207 765 ,
1257 687 1333 746 ιιι
1379 677 1525 768 quis
1570 697 1767 747 usum
1806 676 2046 747 harum
2086 674 2566 768 particularum
2613 697 2858 744 secun·

650 787 816 855 dum
850 795 1160 875 tempora
1208 791 1277 849 et
1325 790 1564 875 gentes
1614 789 1683 849 et
1711 804 1964 873 genera
1998 779 2332 849 scribendi
2377 779 2698 870 deinceps
2740 801 2859 845 or-

652 889 806 957 dine
845 894 1326 979 persequatur,
1385 893 1614 952 tamen
1649 883 1823 952 haec
1865 908 1973 953 res
2019 893 2159 953 tam
2196 882 2428 951 infiniti
2471 882 2695 974 operis
2734 891 2859 970 est,

650 1001 729 1061 ut
756 1013 890 1083 ego
916 989 1191 1080 quidem
1221 988 1386 1056 mihi
1407 988 1494 1055 ab
1521 1010 1603 1054 ea
1630 988 2096 1057 abstinendum
2119 985 2520 1079 putaverim,
2568 984 2861 1074 satisque

652 1094 953 1161 duxerim
972 1139 994 1177 ‚
1054 1092 1294 1160 veteris
1339 1100 1597 1159 tantum
1644 1084 1964 1188 sermonis
2004 1102 2073 1160 et
2120 1090 2259 1158 eins
2306 1089 2420 1180 qui
2464 1087 2861 1156 cultissimus

649 1196 938 1266 habetur
968 1193 1515 1262 consuetudinem
1548 1195 1910 1286 respicere,
1965 1195 2148 1262 exiis
2176 1207 2420 1277 autem,
2456 1213 2631 1281 quae
2668 1191 2864 1258 laba-

653 1323 842 1368 scens
865 1298 1212 1366 Graecitas
1228 1298 1349 1365 sibi
1365 1296 1656 1384 indulsit,
1683 1320 1816 1365 non
1832 1298 1954 1365 nisi
1971 1297 2085 1364 hic
2112 1298 2246 1364 illic
2272 1294 2527 1385 aliquid
2542 1293 2861 1366 delibare.

857 1401 987 1469 Est
1022 1411 1246 1468 autem
1276 1400 1361 1467 de
1396 1400 1737 1491 particulis
1771 1399 1864 1473 ἄν
1894 1409 1963 1468 et
1995 1400 2113 1472 κέν
2144 1399 2406 1467 dicturo
2452 1406 2605 1465 ante
2639 1397 2866 1464 omnia

608 1563 615 1570 .
653 1502 836 1574 unde
882 1512 1071 1578 ortae
1124 1504 1255 1574 sint
1306 1502 1785 1592 quaerendum.
1905 1502 2209 1597 Quarum
2251 1523 2461 1592 quum
2521 1499 2865 1592 Georgius

653 1607 970 1690 Dunbar‚
1019 1607 1136 1697 qui
1169 1605 1257 1674 de
1296 1607 1372 1673 iis
1410 1606 1943 1676 dissertationem
1983 1604 2223 1688 edidit,
2271 1605 2551 1676 alteram
2589 1603 2865 1695 partici-

655 1711 843 1803 pium
876 1733 1021 1777 esse
1060 1710 1247 1778 verbi
1296 1708 1642 1776 cuiusdam
1680 1705 1857 1799 α’μί,
1908 1709 2098 1798 quod
2138 1708 2316 1776 idem
2361 1708 2443 1775 sit
2470 1717 2672 1797 atque
2699 1703 2866 1789 ἐοῖω,

656 1814 936 1881 alteram
979 1834 1063 1879 ex
1103 1812 1498 1903 imperativo
1549 1812 1741 1879 verbi
1791 1813 1958 1892 κέω,
2009 1811 2199 1901 quasi
2234 1833 2429 1903 pone
2471 1809 2688 1894 dicaS,
2755 1808 2868 1876 fa·-

657 1925 836 1983 ctam
854 1923 1067 2006 putat,
1099 1914 1271 2008 adeo
1302 1914 1435 1982 hae
1455 1914 1666 1982 mirae
1685 1923 1836 1982 sunt
1870 1924 1939 1982 et
1964 1913 2385 1984 incredibiles
2404 1913 2865 1994 derivationes,

657 2028 732 2086 ut
790 2041 903 2084 eas
948 2017 1238 2086 refutare
1281 2040 1416 2084 non
1461 2016 1765 2085 videatur
1806 2039 2061 2108 operae
2099 2018 2393 2109 pretium
2440 2038 2606 2087 esse.
2709 2017 2866 2083 Non

657 2120 954 2189 omnium
979 2120 1457 2211 particularum
1485 2120 1760 2188 inveniri
1799 2122 1995 2213 origo
2032 2128 2293 2212 potest,
2346 2119 2470 2188 sed
2506 2117 2746 2186 multas
2784 2139 2868 2185 ex

658 2223 804 2291 aliis
845 2223 1186 2314 particulis
1219 2233 1404 2291 natas
1442 2245 1589 2290 esse
1621 2234 1925 2314 apparet.
2031 2223 2240 2308 Quod
2280 2223 2534 2290 factum
2585 2231 2688 2289 est
2730 2242 2869 2288 non

659 2326 878 2395 solum
909 2325 1245 2450 plurimbus
1243 2324 1311 2392 iu
1340 2348 1540 2392 unam
1581 2325 2098 2418 coniungendis,
2152 2326 2383 2415 quales
2413 2334 2563 2393 sunt
2590 2322 2768 2417 γοῦν
2801 2331 2870 2392 et

658 2422 842 2523 γάρ,
893 2429 1001 2495 vel
1048 2423 1280 2519 α’μφί,
1331 2428 1373 2493 i.
1409 2451 1467 2495 e.
1509 2424 1778 2520 ἅναφι·
1846 2427 1969 2496 sed
2001 2430 2200 2495 etiam
2246 2451 2425 2495 nunc
2476 2426 2868 2513 mutilando,

657 2540 734 2599 ιιι
771 2552 855 2598 ex
881 2531 1055 2653 πέρι
1088 2529 1221 2652 πὲρ
1251 2530 1539 2611 factum3
1581 2552 1762 2598 nunc
1798 2532 2168 2623 correptius
2193 2529 2743 2622 pronunciando,
2793 2538 2872 2597 ut
2943 2541 2952 2548 ”

659 2656 744 2702 ex
793 2625 981 2730 μήν,
1052 2625 1175 2729 δή,
1242 2631 1365 2706 τοί
1404 2634 1791 2702 exstiterunt
1827 2635 2025 2756 μένζ
2074 2635 2191 2721 δέ,
2257 2633 2381 2725 τίς
2443 2657 2622 2702 nunc
2669 2633 2872 2702 etiam

657 2745 941 2826 utraque
970 2737 1228 2804 ratione
1268 2738 1657 2822 coniuncta,
1707 2747 1784 2804 ιιι
1821 2760 1903 2805 ex
1936 2737 2065 2809 νῦν
2092 2737 2345 2805 dictum
2371 2747 2472 2805 est
2502 2730 2609 2810 νύ.
2713 2736 2871 2804 Ηιι-

656 2838 946 2908 iusmodi
979 2838 1188 2906 multa
1221 2841 1531 2932 exempla
1561 2840 1760 2909 etiam
1787 2839 1855 2908 in
1886 2839 2290 2908 Germanica
2321 2840 2552 2932 lingua
2592 2848 2868 2908 exstant.

655 2942 762 3011 lta
788 2940 980 3010 doch
1009 2964 1093 3010 ex
1124 2942 1229 3011 da
1258 2943 1473 3033 auch,
1512 2941 1703 3012 noch
1733 2965 1816 3011 ex
1839 2942 2034 3011 nach
2061 2941 2254 3012 auch
2282 2945 2610 3016 exstitere.
2663 2943 2871 3019 ,Aliae

660 3066 747 3113 ex
780 3045 1154 3113 nominibus
1191 3045 1530 3114 adiectivis
1565 3047 1785 3114 factae
1817 3056 2001 3131 sunt,
2053 3056 2128 3113 ιιι
2168 3039 2352 3119 ἄλλοί
2370 3072 2398 3137 ,·
2447 3047 2556 3115 vel
2587 3069 2672 3114 ex
2699 3069 2870 3137 pro-

658 3147 1056 3234 nominibus,
1106 3158 1180 3215 ut
1211 3145 1377 3239 ὅτις
1425 3149 1534 3217 vel
1567 3149 1652 3218 ei
1696 3149 2064 3230 adverbiiS,
2116 3158 2191 3216 ιιι
2217 3142 2410 3228 πού,
2461 3142 2647 3240 πώςς
2698 3150 2870 3218 aliae

659 3272 746 3337 ex
773 3251 994 3319 verbis
1026 3259 1177 3319 sunt
1209 3250 1567 3340 derivatae,
1617 3261 1693 3320 ιιι
1720 3250 1909 3347 ἄρας
1960 3253 2119 3342 quin
2150 3253 2350 3320 etiam
2375 3252 2638 3345 integra
2662 3253 2873 3321 verba

659 3364 775 3421 aut
808 3354 1301 3424 enunciationes
1330 3355 1397 3423 in
1440 3356 1800 3448 particulas
1840 3377 2073 3425 versae
2116 3364 2298 3442 sunt,
2350 3363 2426 3423 ut
2455 3350 2708 3448 ἀμέλει
2719 3410 2749 3445 ,
2802 3364 2873 3424 et

659 3457 851 3548 apud
874 3479 996 3525 nos
1010 3479 1239 3543 zwar,
1273 3458 1458 3546 quod
1487 3470 1588 3528 est
1615 3482 1697 3527 ex
1718 3482 1794 3528 es
1825 3456 1924 3527 ist
1947 3457 2161 3527 wahr
2188 3466 2621 3526 contractum.
2674 3457 2872 3527 Haec

660 3559 781 3649 qui
832 3558 1386 3647 consideraverit,
1457 3584 1590 3630 non
1639 3560 2004 3649 dubitabit,
2070 3560 2350 3653 opinor,
2415 3561 2578 3650 quin
2635 3559 2727 3635 ἄν
2785 3584 2872 3632 ex

661 3656 802 3733 ἄνα
821 3715 851 3751 ,
905 3660 1023 3733 κέν
1053 3672 1275 3730 autem
1313 3686 1398 3731 ex
1421 3665 1543 3735 καὶ
1576 3664 1658 3732 sit
1685 3674 1925 3733 ortum.

862 3763 956 3831 Et
987 3791 1063 3836 κε
1107 3763 1382 3855 quidem
1418 3789 1619 3834 nemo
1647 3789 1785 3835 non
1822 3768 2004 3837 videt
2037 3785 2239 3856 quam
2272 3765 2355 3835 sit
2381 3767 2580 3835 etiam
2610 3766 2872 3861 signifi·
2989 3820 3003 3835 ,

661 3873 815 3934 catu
850 3889 1003 3934 cum
1029 3867 1363 3958 particula
1405 3868 1525 3940 καὶ
1560 3880 1870 3962 cognata,
1970 3869 2203 3939 Habet
2250 3871 2428 3938 enim
2471 3869 2589 3943 καὶ
2632 3882 2873 3939 natura

659 3991 783 4038 sua
827 3969 960 4037 vim
1007 3971 1368 4060 quamdam
1422 3972 1773 4058 dilatandi,
1828 3984 1937 4061 ut,
1996 3970 2085 4040 de
2131 3994 2269 4063 quo
2317 3972 2593 4062 dicitur,
2654 3973 2728 4042 id
2781 3973 2872 4042 de

655 4072 960 4163 pluribus
1005 4095 1211 4141 unum
1247 4075 1523 4168 intelligi
1568 4066 1835 4145 indicet.
1936 4075 2147 4165 Atqui
2192 4098 2276 4144 eo
2328 4075 2531 4163 illud,
2593 4075 2683 4146 de
2731 4097 2872 4167 quo

659 4174 921 4260 dicitur,
968 4176 1472 4266 quodammodo
1491 4180 1819 4248 incertum
1844 4179 1941 4264 fit,
1989 4188 2064 4245 ut
2094 4178 2281 4269 quod
2310 4201 2446 4247 non
2476 4181 2871 4248 necessitate

657 4277 986 4367 quadam,
1038 4280 1162 4347 sed
1199 4282 1411 4373 magis
1437 4305 1568 4373 pro
1599 4283 1934 4375 exemplo,
1987 4282 2210 4372 qualia
2236 4282 2438 4373 plura
2469 4282 2615 4368 sint,
2676 4305 2870 4350 com-

655 4391 1084 4453 memoretur.
1135 4383 1466 4476 Apertum
1483 4395 1582 4453 est
1612 4386 1807 4471 enim,
1836 4407 2040 4485 quam
2066 4407 2310 4476 parum
2342 4385 2612 4469 intersit,
2643 4395 2872 4452 utrum

660 4479 738 4564 ὅς
780 4510 860 4556 ιιι
897 4489 1099 4567 eante
1127 4485 1637 4585 ἐπιπείθηται,
1689 4512 1777 4558 an
1816 4487 1894 4571 ὃς
1942 4486 2064 4561 καὶ
2110 4493 2313 4570 θεοῖς
2358 4483 2867 4585 ἐπιπείθηται·
