3259 5275
1072 462 1248 527 LIB.
1296 462 1346 526 1.
1435 462 1624 526 cAP.
1669 467 1733 528 9.
2425 468 2513 532 45

294 654 622 740 debebat,
688 676 847 722 cnm
896 653 1318 725 coniunctivo
1371 664 1826 724 constructum
1877 654 1994 742 sit,
2059 656 2269 724 semel
2320 654 2511 724 addi-

291 770 431 827 tum
475 757 781 826 habebat
842 757 1271 826 indicativum
1335 761 1716 853 ἐπικρατεῖ
1721 813 1750 849 ,
1817 780 2024 848 quem
2071 768 2258 827 recte
2312 759 2512 828 Gais-

286 861 543 929 fordius
589 883 747 928 cum
796 860 1115 930 Schowio
1165 862 1235 929 in
1285 861 1782 930 coniunctivum
1831 863 2129 934 mutavit.
2231 861 2315 932 In
2363 861 2510 932 Cli-

285 965 432 1034 niae
468 965 882 1057 fragmento,
934 964 1121 1055 quod
1164 988 1441 1033 numero
1488 961 1613 1039 66.
1671 974 1775 1034 est
1813 966 1886 1034 in
1925 966 2043 1034 illo
2096 966 2319 1059 eapite
2358 966 2514 1035 Sto·

284 1069 475 1156 baei,
555 1092 687 1162 pro
754 1064 902 1141 αἴτι’
971 1064 1371 1163 όρθοπλοεῐ
1437 1069 1591 1143 eod.
1661 1070 1749 1144 A.
1817 1069 2133 1163 praebuit
2196 1064 2317 1142 καὶ
2382 1065 2513 1164 ὀρ-

282 1177 618 1247 θοπλοεΐ.
719 1173 799 1242 ln
847 1172 1197 1262 Archytae
1247 1172 1670 1264 fragmento,
1722 1173 1911 1263 qnod
1944 1183 2044 1242 est
2086 1172 2340 1241 ibidem
2384 1171 2510 1246 Ἡ).

280 1300 355 1370 Ρ.
412 1273 541 1360 12,
593 1273 718 1347 48.
770 1285 956 1344 recte
1008 1273 1466 1344 Gaisfordins:
1533 1274 1726 1369 φαμὶ
1791 1304 1932 1351 ταν
2000 1269 2276 1373 α’ρεταν
2325 1270 2513 1372 ἦμεν

283 1372 527 1451 nono*
574 1407 678 1476 μη
731 1381 1289 1472 κακοδαιμονεῖν
1342 1372 1641 1465 ἱκανόν,
1694 1373 1837 1452 τοῖν
1892 1379 1969 1453 δὲ
2019 1378 2276 1453 κακίαν
2325 1404 2513 1451 ποτ-

282 1509 370 1556 το
424 1475 539 1579 μή
582 1478 1068 1575 ευδαιμονεῖν,
1120 1482 1289 1554 αἴκα
1313 1508 1445 1562 τας
1476 1487 1665 1564 ἔειας
1707 1475 1938 1563 αὐτας
1960 1480 2312 1578 κρίνωνες.
2365 1481 2511 1550 Le·-

284 1585 579 1678 gebatur
615 1585 709 1653 ibi
753 1582 1128 1679 κρίνομες,
1182 1593 1251 1652 et
1297 1585 1369 1653 in
1412 1584 1569 1659 eod.
1623 1586 1711 1658 A.
1766 1584 2150 1679 κρίνοιμες.
2255 1585 2372 1654 Sic
2404 1594 2513 1653 et-
2606 1641 2612 1648 .

285 1690 415 1757 iam
486 1689 556 1756 in
621 1687 1022 1781 Ecphantae
1088 1688 1244 1758 loco
1311 1687 1498 1780 apud
1563 1687 1937 1757 Stobaeum
2002 1686 2316 1761 XLVIII.
2382 1683 2509 1761 64.

284 1816 357 1884 Ρ.
412 1790 602 1880 333,
656 1789 780 1864 34.
832 1790 1296 1860 scribendum·
1348 1789 1467 1864 καὶ
1518 1797 1673 1872 τοῖς
1722 1791 1861 1883 μὲν
1915 1789 2160 1872 ἄλλοις
2211 1784 2510 1888 ἀνθρώ-

285 1921 470 1984 ποις,
498 1897 669 1967 αἴκα
696 1888 1242 1990 οἷμαρτοίνωντι,
1278 1887 1649 1967 ὁσιωτάτα
1676 1887 2038 1990 κάθαρσις
2066 1893 2511 1990 ἑξομοιωθῆ·

280 2025 418 2090 μεν
449 2003 606 2078 τοῖς
625 1991 1118 2093 ἅρχόντεσσιν.
1169 1996 1305 2065 Vbi
1335 1996 1588 2064 editum
1614 1991 2152 2092 ἁμαρτάνοντι.
2199 2000 2351 2067 Nee
2376 1996 2514 2088 ‹lu-2

282 2101 651 2187 bitandum,
690 2101 852 2196 quin
875 2101 945 2168 in
971 2098 1076 2168 his
1101 2100 1697 2193 Pythagoreorum
1726 2098 1910 2191 apud
1941 2099 2213 2167 Galium
2235 2124 2309 2191 p.
2331 2098 2508 2173 712.

283 2205 437 2279 ἐπεὶ
492 2205 578 2277 δέ
621 2231 713 2276 κα
766 2208 1159 2296 γαμεῖται,
1212 2212 1282 2272 et
1328 2225 1402 2295 p.
1444 2197 1621 2277 751.
1663 2204 1833 2275 αἴκα
1877 2195 2059 2298 χρή,
2111 2204 2510 2272 coniunctivi

282 2301 638 2427 γοῖμηται
656 2315 726 2375 et
775 2305 915 2402 χρῇ
961 2306 1339 2399 reponendi
1392 2306 1544 2379 sint.
1654 2304 1798 2374 Sed
1854 2328 1929 2398 p.
1984 2304 2160 2380 709.
2213 2306 2331 2374 nbi
2383 2315 2510 2392 est,

284 2412 450 2484 αἴκα
493 2399 805 2484 ταύτόν
827 2414 983 2482 ἐστι
1036 2402 1396 2528 τάγαθόν.
1428 2407 1549 2481 καὶ
1598 2401 1863 2497 κακόν,
1916 2409 2347 2478 scribendum
2401 2412 2511 2482 αἴ-

282 2538 460 2610 περ,
513 2511 703 2603 quod
754 2513 1020 2604 saepius
1071 2512 1329 2582 ibidem
1377 2512 1446 2581 in
1493 2510 1735 2582 iisdem
1783 2511 2007 2581 verbis
2024 2563 2046 2602 ‚
2097 2522 2167 2581 et
2214 2537 2290 2607 p.
2332 2511 2509 2587 7⁰8.

284 2615 455 2691 716.
508 2625 927 2710 usurpatum.

484 2722 801 2811 Denique
850 2742 939 2789 ne
980 2717 1446 2789 desiderentur
1492 2716 1837 2788 indicativi
1885 2719 2175 2811 perfecti
2227 2743 2384 2790 cum
2415 2718 2510 2795 ἂν

281 2824 621 2893 coniuncti
673 2824 989 2916 exempla
1002 2876 1025 2915 ,
1091 2822 1266 2894 haee
1315 2823 1659 2893 adiiciam:
1722 2822 2011 2892 Hesiodi
2057 2824 2245 2916 apud
2307 2824 2506 2898 Stob.

382 3081 673 3177 ἔμμορέ
712 3108 837 3155 τοι
886 3077 1147 3179 τιμῆς,
1201 3075 1280 3163 ὅς
1327 3075 1403 3154 κ’
1454 3079 1737 3178 ἔμμορε
1784 3076 2109 3175 γείτονος
2158 3078 2454 3156 ἐσθλοῦ.

285 3234 425 3306 Sed
476 3236 548 3303 in
597 3234 885 3304 Hesiodi
928 3234 1113 3303 libris
1143 3230 1234 3310 Ο.
1277 3243 1347 3303 et
1381 3233 1472 3308 1).
1519 3230 1695 3309 345.
1753 3243 1941 3304 recte
1985 3231 2066 3316 ὅς
2110 3229 2192 3308 τ’
2227 3233 2508 3330 ἔμμορε

286 3340 629 3432 scriptum.
732 3337 828 3407 Et
873 3337 1180 3429 Dionysii
1239 3336 1536 3413 Ha1.in
1603 3336 1889 3432 epistola
1951 3337 2041 3406 ad
2103 3337 2511 3429 Pompeium

288 3442 369 3512 de
396 3442 805 3569 praecipuis
855 3442 1205 3511 Historicis
1241 3438 1537 3567 ,ps-786,
1589 3441 1714 3515 14.
1769 3443 1841 3514 εἰ
1887 3437 1959 3515 δ
1967 3437 2380 3563 ι..ἰητιιρεειδιεν
2427 3444 2507 3514 ἐν

286 3539 597 3632 τούτοις,
651 3542 773 3639 ἐφ
812 3544 916 3626 οἷς
956 3538 1260 3638 μαλιστ’
1300 3571 1394 3618 αν
1431 3538 1851 3632 ἐσπούδακε,
1902 3543 2031 3642 τῆς
2068 3571 2150 3618 τε
2179 3546 2506 3634 συμπλο-

287 3650 399 3745 κῆς
450 3649 603 3723 τῶν
671 3650 1094 3771 φωνηέντων
1147 3641 1604 3746 γραμμάτων
1654 3646 1777 3721 καὶ
1824 3647 1952 3745 τῆς
2002 3646 2324 3741 κυκλικῆς
2375 3641 2508 3720 εύ-

290 3751 606 3847 pas-‘miae
656 3749 805 3823 τῶν
853 3743 1259 3879 περιόδων,
1325 3751 1449 3825 καὶ
1499 3751 1631 3879 τῆς
1680 3748 2089 3846 ὁμοειδείας
2135 3749 2284 3827 τῶν
2335 3775 2509 3871 exq-

287 3854 715 3968 ματισμιὸν,
792 3858 977 3929 πολυ
1036 3852 1354 3947 αμείνων
1422 3883 1515 3927 αν
1581 3849 1674 3951 ἦν
1726 3848 1946 3936 αὐτος
1998 3852 2269 3927 ἑαυτοῦ
2315 3879 2508 3924 κατα

288 3950 418 4046 τῆν
471 3945 768 4053 φράσιν
871 3958 1043 4044 Quis
1092 3980 1258 4027 vero
1310 3957 1573 4027 dubitet
1587 4008 1610 4047 ,
1692 3958 1859 4049 quin
1909 3955 2362 4050 expungenda
2424 3956 2511 4023 sit

287 4060 652 4151 particula,
746 4083 883 4153 qna
945 4060 1114 4131 nihil
1171 4076 1346 4156 opus
1400 4084 1590 4152 esse,
1668 4061 1804 4132 iam
1859 4084 1904 4132 ιι
1956 4061 2309 4155 Stephano
2359 4065 2510 4129 erat

290 4160 665 4235 monitum?
2602 4186 2611 4194 ·
