3259 5275
1007 427 1189 534 ma
1236 471 1281 534 1.
1374 471 1573 534 cn.
1619 474 1721 537 ιο.
2393 482 2483 545 w

265 660 481 730 Potuit
541 657 655 729 hic
718 658 923 727 etiam
973 660 1050 733 εἴ
1098 688 1218 735 κεν
1270 661 1424 735 (lici.
1533 663 1651 733 Sic
1704 664 1881 733 enim
1933 664 2295 755 loquuntur
2356 691 2479 737 ve-

262 759 1198 858 ῐθιτίηιί.11ἰιιᾶ.ψ.-526.

356 903 427 975 εἰ
475 902 561 974 δέ
606 894 679 972 κ’
733 898 845 972 ἔτι
897 901 1226 997 προτέρω
1280 901 1526 997 γένετο
1583 897 1854 998 δρόμος
1906 899 2478 1000 α’μφοτέ,ροισιν

353 1004 552 1100 τῷκ
513 1005 633 1077 κέν
681 1028 816 1095 μιν
866 1000 1300 1099 παρέλασσᾏ
1354 1001 1518 1079 οὐδ’
1571 999 2042 1103 ἀμφήριστον
2089 1010 2371 1105 ἔθηκεν.

260 1141 344 1210 Et
399 1131 473 1209 in
526 1162 726 1209 versu
776 1140 896 1209 illo
944 1141 1132 1233 apud
1183 1142 1615 1212 Herodotum
1663 1144 1719 1211 1.
1779 1142 1948 1216 174.

350 1269 541 1357 Ζειῗς
591 1268 730 1373 γάρ
783 1272 856 1348 κ’
908 1276 1122 1378 ἔθηκε
1173 1278 1436 1373 νῆσον,
1488 1281 1564 1353 εἴ
1603 1282 1681 1353 κ’
1734 1272 2099 1374 ἐβούλετο.

260 1414 347 1484 Et
394 1436 554 1483 cum
605 1416 1036 1506 pronomine.
1091 1414 1345 1508 Odyss.
1389 1443 1451 1490 ν.
1506 1411 1682 1485 205.

771 1544 910 1641 ἐγω
963 1552 1048 1625 δέ
1099 1578 1219 1623 κεν
1274 1551 1496 1627 ἄλλον
1548 1556 1985 1652 ἐρισθενέων
2026 1547 2393 1651 βασιλήων

355 1646 746 1751 ἐξικόμην,
802 1650 881 1735 ὅς
930 1656 1049 1727 κέν
1107 1652 1198 1749 μ’
1251 1655 1483 1750 ἐφίλει
1534 1657 1657 1730 καὶ
1708 1658 1984 1751 ἔπεμπε
2035 1657 2361 1731 νέεσθαι.

262 1790 408 1859 Νοιι
453 1789 909 1858 necessarium
958 1787 1104 1860 erat
1153 1795 1437 1862 alterum
1476 1795 1630 1868 κε’ν.
1735 1796 1913 1863 Nam
1965 1795 2217 1878 oratio,
2303 1816 2480 1884 qnae

262 1916 575 1986 suspensa
627 1901 731 1961 est
782 1916 867 1962 ex
917 1894 1047 1964 alia
1096 1898 1459 1977 sententia,
1526 1898 1718 1967 verbi
1771 1898 1979 1967 modo
2032 1907 2296 1966 servato
2347 1920 2482 1965 non
2547 1927 2570 1942 ·

260 1997 512 2089 indiget
541 1996 943 2089 repetitione
972 2000 1361 2089 particulae.
1431 2001 1619 2087 Quin
1659 2002 2064 2069 recentiores
2112 2002 2314 2069 etiam
2353 2000 2483 2069 ad-

260 2108 654 2192 spernantur
690 2101 1163 2191 repetitionem
1199 2103 1604 2172 huiusmodi.
1692 2105 1842 2172 Nec
1892 2103 2164 2196 repetiit
2211 2102 2479 2172 Home-

260 2225 363 2273 rus
396 2199 535 2273 od.
568 2206 629 2276 δ.
655 2202 752 2272 17
756 2202 828 2272 8.

1585 2328 1763 2416 οὐδέ
1807 2367 1929 2415 κεν
1978 2338 2204 2438 ημέας

353 2440 532 2516 ἄλλο
591 2441 944 2538 διέκρινεν
1003 2444 1348 2536 φιλέοντέ
1390 2471 1475 2517 τε
1523 2447 1950 2542 τερπομένω
2001 2471 2133 2533 τε,

351 2544 525 2646 πρίν
568 2541 646 2641 γ’
691 2541 816 2618 ὅτε
851 2540 943 2645 δη
970 2541 1341 2621 θανάτοιο
1371 2548 1602 2641 μέλαν
1630 2549 1848 2644 νέφος
1874 2540 2414 2645 ἀμφεκάλυψεν

266 2697 463 2770 Nihil
532 2722 671 2771 nos
738 2700 1195 2791 diremisset,
1289 2709 1688 2794 antequam
1756 2708 1961 2772 moi-s
2029 2683 2480 2772 occuluisset.

256 2805 427 2874 Nam
479 2804 534 2872 si
586 2804 903 2897 primaria
955 2805 1281 2874 sententia
1317 2805 1780 2874 conditionalis
1825 2814 1961 2892 est,
2027 2827 2165 2873 non
2202 2816 2485 2899 possunt

256 2931 387 2977 non
439 2909 670 2977 omnia
721 2908 1194 2977 conditionalia
1237 2931 1404 2994 esse,
1457 2930 1633 2999 quae
1673 2907 1980 3000 pendent
2017 2930 2102 2976 ex
2139 2931 2240 2978 ea.
2348 2909 2481 2978 Se-

259 3034 371 3081 cus
421 3020 561 3098 est,
615 3010 735 3079 ubi
785 3013 1114 3081 sententia
1162 3012 1557 3105 principalis
1610 3012 1754 3082 sine
1801 3010 2180 3080 conditione
2233 3020 2357 3097 est,
2408 3020 2484 3079 ut

260 3112 387 3185 od.
444 3142 512 3188 τ.
568 3111 690 3182 25.

353 3245 601 3347 δμωας
654 3248 726 3326 δ’
779 3246 909 3324 ουίι
962 3253 1113 3336 εἴας
1162 3251 1767 3349 προβλωσκέμεν,
1821 3256 1913 3321 αἴ
1953 3274 2074 3321 κεν
2112 3251 2440 3343 ἔφαινον.

270 3401 423 3474 Non
475 3403 711 3474 sivisti
762 3403 967 3473 exire
1018 3395 1371 3491 ancillas,
1441 3426 1671 3498 quae,
1727 3402 1782 3469 si
1832 3400 2178 3486 exiissent,
2248 3403 2483 3471 lucem

247 3506 559 3600 fuissent
588 3504 1102 3600 praebiturae.
1170 3509 1305 3576 Hic
1333 3508 1389 3576 si
1421 3507 1751 3576 omisisset
1798 3504 2226 3597 particulam,
2274 3529 2482 3599 prae-

264 3611 475 3681 buisse
526 3611 675 3679 illas
725 3611 952 3679 lucem
1003 3611 1292 3682 dixisset.

452 3715 828 3786 Recentior
877 3736 1037 3782 usus
1090 3737 1174 3783 eo
1224 3722 1487 3782 tantum
1538 3712 1630 3779 ab
1698 3708 1900 3802 epico
1953 3707 2184 3778 differt
2202 3761 2223 3797 ‚
2294 3710 2485 3800 quod

260 3818 655 3908 particulam
707 3815 798 3889 οἲν
850 3817 919 3884 in
972 3817 1369 3886 secundaria
1420 3813 1745 3883 sententia
1794 3835 1934 3880 non
1994 3811 2223 3896 aliter,
2277 3835 2486 3903 quam

262 3921 313 3987 si
346 3920 721 3989 necessaria
762 3929 883 4006 est,
937 3920 1143 3992 addit.
1217 3921 1647 4012 Temporum
1695 3916 1868 3984 ratio
1910 3914 2154 3984 eadem
2192 3925 2310 3984 est.
2379 3917 2486 3984 Ac

261 4024 472 4125 primo
509 4021 988 4116 imperfectum
1023 4025 1430 4117 plerumque
1468 4021 1762 4090 refertur
1800 4017 1892 4086 ad
1932 4041 2272 4111 praesens.
2325 4020 2490 4087 Ari-

262 4126 475 4219 stoph.
528 4126 722 4195 Eccl.
777 4121 949 4194 151.

360 4261 768 4386 ἐβουλόμην
816 4263 956 4356 μὲν
1009 4267 1262 4360 ἕτερον
1317 4258 1409 4336 ἄν
1461 4288 1609 4333 των
1661 4250 1964 4377 ἠθάδων

360 4367 584 4458 λέγειν
635 4361 738 4440 ‘toi
785 4362 1169 4460 βέλτισθ’,
1226 4359 1328 4436 ἵν’
1379 4358 1764 4460 ἐκαθήμην
1817 4355 2116 4457 ἥσυχος

364 4469 491 4552 νῦν
545 4465 617 4543 δ’
671 4495 804 4542 ουκ
856 4461 1066 4543 ἕοῖσω.

364 4585 600 4657 Hmm.
644 4586 782 4660 Or.
833 4586 949 4656 lv.
2009 4578 2074 4646 Ι)
