3259 5275
768 443 899 508 η
1502 435 2251 500 ΕΜΕΝΒΑΉΟΝΕΒ

771 653 978 723 quum
1016 578 1331 719 plerique
1358 626 1514 694 libri
1545 622 1723 721 ὑπὲρ
1755 620 2120 722 Εὑρωταο
2156 654 2307 723 παρ
2326 625 2636 719 ὄχθαις
2665 632 2979 723 habeant,

771 756 1001 802 veram
1043 730 1443 859 scripturam
1491 751 1638 797 esse
1695 729 1997 798 existimo
2050 735 2138 803 ἐπ
2213 724 2577 826 Εὐρώταο
2600 739 2978 904 ίρἐῖείθῑροις.

768 835 933 904 Eius
965 843 1035 903 et
1083 831 1260 927 ὑπὲρ
1305 843 1374 900 et
1412 858 1614 928 παρα
1662 831 2021 924 explicatio
2064 843 2186 907 est.
2291 833 2440 902 Nec
2466 837 2782 928 profecto
2824 854 2980 935 apte

772 939 906 1008 dici
937 937 1161 1032 potuit
1198 936 1323 1003 sub
1356 933 1550 1004 undis
1584 934 1883 1004 Eurotae
1907 938 2155 1006 morari
2188 936 2524 1012 Helena.

976 1040 1059 1108 V.
1104 1036 1275 1107 359.
1330 1038 1583 1108 scribe·

870 1223 973 1291 μη
1015 1192 1273 1322 διερῶν
1310 1184 1690 1283 γονόεντος
1726 1195 1813 1264 ἐπ
1830 1187 2238 1288 Εὑρωταο
2277 1194 2603 1288 ῥεέθρων

871 1298 1272 1394 νηχομένην
1307 1289 1661 1389 ἐκάλυψεν
1695 1291 2145 1393 ὑποβρυχίην
2174 1321 2255 1369 σε
2280 1291 2572 1394 γαλήνη.

764 1452 859 1520 Et
889 1449 1149 1544 διερων
1178 1446 1454 1537 quidem
1490 1445 1842 1516 Graefium
1873 1469 2149 1538 quoque
2176 1449 2544 1520 correxisse
2575 1448 2815 1535 video,
2869 1452 2983 1540 qui

768 1555 970 1623 etiam
1002 1547 1123 1626 ἐπ’
1170 1551 1241 1618 in
1286 1544 1412 1623 ὑπ’
1452 1551 1794 1639 mutabat,
1847 1573 1986 1620 non
2015 1551 2215 1639 male,
2277 1551 2401 1621 sed
2431 1562 2711 1645 praeter
2741 1575 2982 1622 neces-

768 1660 1061 1739 sitatem,
1115 1663 1185 1722 et
1214 1655 1428 1721 minus
1459 1664 1756 1722 venuste.

848 1811 857 1822 .
971 1759 1047 1827 In
1097 1758 1211 1844 iis,
1280 1779 1455 1846 quae
1513 1779 1574 1823 V.
1639 1751 1811 1823 363.
1861 1778 2051 1847 seqq.
2098 1755 2601 1826 mendosissima
2645 1758 2984 1851 leguntur,

676 1899 687 1910 ι
770 1863 1072 1954 quamvis
1115 1859 1494 1929 acutissima
1533 1858 1618 1927 sit
1668 1858 1927 1928 Graefii
1970 1859 2349 1928 emendatio
2362 1910 2384 1946 ,
2437 1870 2661 1931 tamen
2699 1884 2786 1930 ea
2821 1861 2986 1932 mihi

768 1990 924 2054 non,
967 1977 1039 2034 ut
1064 1964 1217 2056 ipsi,
1257 1961 1622 2033 certissima
1648 1962 1930 2032 videtur.
1983 1963 2064 2032 N
2053 1986 2163 2031 am
2188 1986 2397 2054 quum
2428 1963 2522 2033 ita
2545 1965 2748 2035 scribi
2774 1965 2983 2050 iubet,

1872 2112 2340 2189 α’ναιιλίνασιιε
2382 2116 2459 2190 δὲ
2487 2109 2735 2241 δειρην

876 2219 1144 2302 ὕπνος,
1192 2218 1381 2306 ἐπεὶ,
1438 2212 1806 2293 θανατοιο
1837 2217 2286 2345 συνέμπορος
2309 2220 2517 2342 εἴπερ
2549 2212 2869 2319 ἐτύχθη,

669 2322 769 2391 22
875 2319 1103 2419 α’μφίς
1119 2377 1146 2412 ,
1201 2317 1555 2420 ἀναγκαίη
1586 2315 1836 2418 ξυνήϊα
1870 2315 2114 2395 πάντα
2144 2314 2507 2412 λαχόντα,

873 2430 1047 2522 ἔργα
1081 2427 1603 2521 παλαιοτέροιο
1635 2419 2101 2523 κασιγνήτοιο
2139 2418 2458 2511 διωνειν,

768 2581 1063 2677 primum
1106 2576 1498 2673 impeditior
1551 2577 1725 2647 haec
1772 2585 2103 2647 structura
2151 2578 2513 2648 verborum
2570 2588 2707 2660 est..
2778 2603 2982 2671 quam

769 2708 906 2777 qua
936 2678 1075 2753 hoe
1105 2705 1322 2775 genus
1355 2690 1713 2772 poetarum
1754 2683 1849 2750 uti
1891 2683 2098 2768 solet3
2153 2681 2398 2750 deinde
2431 2690 2656 2751 autem
2678 2678 2985 2759 ἀνακλί-

772 2814 984 2863 νασκε
997 2838 1018 2869 .,
1070 2809 1246 2876 quae
1299 2784 1486 2852 verbi
1537 2785 1760 2853 forma
1807 2785 2297 2876 frequentativa
2336 2794 2439 2854 est
2455 2836 2477 2873 ,
2528 2786 2856 2856 abhorret
2896 2790 2985 2856 ab

768 2891 965 2960 huius
990 2890 1123 2958 loci
1149 2889 1427 2961 ratione.
1534 2889 1767 2973 Quare
1797 2888 1958 2957 mihi
1976 2939 1998 2977 ,
2048 2910 2225 2979 quae
2257 2911 2415 2956 eum
2449 2889 2585 2958 hoc
2624 2891 2987 2983 participio

762 2992 1228 3064 ‘cohaerebant
1274 2992 1481 3060 verba
1496 3041 1518 3077 ,
1570 2991 1809 3060 deesse
1853 2992 2183 3061 videntur.
2291 2992 2371 3060 ln
2412 2992 2487 3061 iis
2531 3002 2760 3062 autem
2809 3017 2988 3085 quae

772 3105 1142 3188 sequuntur
1157 3148 1178 3181 ‚
1232 3094 1283 3163 si
1319 3105 1593 3187 praeter
1634 3096 1834 3190 εἴπερ
1852 3143 1872 3182 ,
1926 3095 2116 3184 quod
2155 3104 2341 3164 reete
2379 3119 2422 3162 a
2462 3096 2741 3165 Graefio
2784 3099 2987 3166 resti-

770 3211 1022 3285 tutum,
1074 3198 1507 3289 participium
1539 3196 1741 3266 duale
1768 3209 2134 3290 reponatur
2150 3246 2172 3282 ‚
2224 3198 2448 3267 omnia
2469 3199 2679 3290 plana
2705 3210 2882 3269 sunt.

875 3350 1097 3432 ὕπνος
1128 3347 1280 3423 ἐπεὶ
1312 3342 1677 3424 θανάτοιο
1717 3352 2165 3477 συνέμπορος
2194 3352 2394 3475 εἴπερ
2430 3344 2744 3451 ἑτυχθη,

876 3453 1099 3549 ἄμφω
1134 3448 1486 3550 α’ναγκαίη
1518 3447 1768 3549 ξυνήια
1797 3448 2045 3528 πάντα
2074 3447 2384 3544 λαχόντε

876 3560 1049 3657 ἔργα
1082 3557 1603 3652 παλαιοτέροιο
1631 3550 2100 3651 κασιγνήτοιο
2137 3549 2438 3630 διώκειν

773 3713 1088 3796 Dixerat,
1157 3710 1278 3777 nisi
1323 3709 1556 3795 fallor,
1622 3708 2063 3779 Hermionam
2113 3731 2349 3780 somno
2397 3733 2806 3805 oppressam
2849 3721 2986 3782 tam

774 3817 949 3901 alto,
1001 3823 1075 3880 ut
1112 3813 1166 3881 si
1214 3821 1478 3881 mortua
1523 3822 1734 3901 esset,
1799 3813 2099 3883 iacuisse.
2204 3815 2405 3883 Nunc
2447 3814 2669 3883 additz
2722 3838 2883 3893 nam
2934 3815 2985 3884 si

775 3920 1070 3987 Somnus
1128 3938 1355 3985 comes
1395 3915 1644 3985 Mortis
1689 3925 1824 4001 est,
1876 3918 2113 3988 ambos
2162 3927 2469 4011 oportet,
2521 3918 2745 3987 omnia
2792 3941 2982 3988 com-

775 4020 997 4089 munia
1032 4030 1263 4087 nactos
1285 4071 1306 4103 ,
1358 4020 1626 4088 maioris
1653 4019 1873 4089 stati-is
1904 4021 2133 4090 facere
2161 4021 2407 4092 officia.

977 4121 1060 4190 V.
1094 4119 1265 4190 375.
1310 4122 1511 4190 Hunc
1537 4146 1806 4192 versum
1830 4147 1970 4193 non
2002 4148 2123 4195 suo
2157 4124 2313 4195 loco
2340 4124 2481 4218 legi
2512 4131 2825 4214 apertum
2858 4134 2975 4195 est.

776 4228 1018 4318 Neque
1042 4225 1207 4294 illud
1240 4224 1518 4293 dubium
1546 4226 1843 4313 videtur,
1896 4228 2036 4297 eius
2069 4227 2225 4297 loco
2255 4227 2436 4295 aliud
2468 4225 2632 4316 quid
2661 4226 2978 4318 scriptum

773 4331 996 4400 fuisse.
1102 4328 1262 4398 Hoc
1289 4351 1453 4398 vero
1480 4327 1762 4416 mirere,
1816 4331 2000 4421 quod
2026 4353 2164 4401 non
2195 4329 2811 4398 animadverterunt
2838 4329 2974 4397 VV.

770 4434 924 4504 m).
938 4433 1065 4503 isto
1079 4455 1276 4504 versu
1302 4434 1804 4526 perorationem
1825 4434 2026 4504 totius
2054 4434 2696 4528 carminisincipere.
2753 4433 2972 4519 Quare
