3259 5275
675 404 680 408 ’
718 439 848 504 aaa
1218 429 1811 500 mcnssmssmvm
1852 430 2084 493 unm
2120 401 2429 499 snmus,

722 626 982 714 mitior,
1067 624 1396 716 sifluulque
1460 623 1561 693 rei
1628 620 2209 692 accommodatior
2287 624 2643 732 placebat,
2735 621 2929 700 unoz-

726 755 977 804 σουσα.

727 969 826 1040 Μ
924 864 1142 936 XXV.
1226 864 1304 935 P.
1345 861 1467 934 89.
1543 860 1981 958 „Euripidis
2021 862 2186 934 loco
2236 862 2419 936 Hec.
2459 888 2524 934 v.
2567 864 2741 936 927.
2816 867 2932 936 ed.

820 991 1028 1064 usgr.
1276 993 1281 1004 ·

1031 1100 1442 1197 ἐπιδέμνιοε
1493 1126 1584 1181 ως
1634 1095 1934 1195 πέσοιμ
1960 1103 2030 1184 ἐς
2080 1094 2344 1193 εὐνάν,

723 1260 935 1332 varie
975 1264 1256 1330 tentato
1298 1278 1350 1324 a
1406 1251 1744 1340 Criticis,
1811 1249 1912 1324 ab
1958 1253 2392 1326 Hermanno
2422 1278 2707 1352 parum
2745 1279 2936 1351 pro-

724 1362 1071 1434 babiliter
1117 1359 1489 1454 explicato
1532 1356 1993 1453 (perdurum
2035 1368 2149 1431 est
2192 1360 2415 1449 enim,
2468 1361 2548 1431 ui
2587 1384 2790 1431 meus
2824 1384 2940 1431 me

726 1488 983 1539 seusus
1002 1462 1264 1560 fallit,
1315 1462 1393 1530 iu
1422 1461 1710 1531 tantulo
1742 1463 2137 1534 commatio
2169 1465 2580 1553 ἑπιδέμινιος
2604 1465 2935 1560 proprie,

728 1564 978 1658 suvant,
1036 1576 1196 1639 tam
1243 1564 1548 1663 affinem
1599 1563 1713 1634 illi
1759 1586 2043 1655 vocem,
2090 1565 2453 1663 figurate
2495 1568 2697 1659 dici)
2747 1570 2938 1657 huic,

725 1676 1023 1768 inquam
1038 1722 1060 1760 ‚
1113 1671 1277 1740 loco
1300 1666 1683 1764 facillime
1717 1688 2161 1762 succurras,
2213 1670 2312 1758 si,
2366 1681 2730 1743 commate
2763 1681 2938 1743 ante

727 1774 818 1857 (ἇς
847 1776 1129 1871 posito,
1180 1774 1589 1864 ἑπιδέμνιος
1630 1771 1909 1865 iungas
1956 1795 2122 1843 cum
2167 1774 2685 1868 superioribus.
2701 1785 2746 1818 ⁶⁶
2848 1778 2938 1846 Et

726 1881 958 1976 paullo
1004 1886 1192 1972 post:
1275 1874 1500 1964 „Sed
1551 1882 1633 1944 ut
1692 1874 1863 1945 aliis
1893 1878 2206 1969 placeat
2252 1878 2391 1947 illa
2430 1878 2936 1974 interpunctio,

727 1983 906 2053 mihi
928 1981 1199 2078 fateor
1243 1979 1689 2074 perplacere
1735 1980 2134 2075 egregiam
2182 1983 2686 2055 coniecturam
2733 1985 2934 2054 Auo-

727 2087 970 2181 rufini,
1023 2093 1398 2179 receptam
1431 2082 1644 2151 illam
1668 2106 1902 2176 nuper
1940 2082 2038 2154 ab
2069 2084 2459 2180 Euripidis
2491 2081 2937 2180 sospitatore

728 2191 806 2260 in
860 2190 1172 2261 editione
1227 2185 1867 2280 cantabrigiensi,
1948 2189 2388 2281 s’mds'puov·
2510 2184 2723 2281 Εύνη
2773 2195 2932 2264 ἑπι-

731 2295 1020 2386 δέμνιος
1088 2292 1368 2361 dictum
1410 2289 1779 2383 perdocte
1827 2291 2194 2384 planeque
2233 2289 2659 2390 Ὁμηραως
2785 2293 2935 2362 V'd

733 2395 1011 2492 Odyss.
1075 2388 1240 2464 VII.
1293 2392 1469 2463 336.
1530 2415 1726 2487 seqq.
1801 2393 2114 2465 XXIII.
2165 2394 2336 2470 179.
2398 2418 2505 2489 sq.
2523 2403 2567 2438 ‘⁴
2685 2396 2932 2468 Mone-

726 2501 926 2590 bam,
1004 2522 1227 2568 meam
1304 2507 1603 2566 mentem
1663 2520 1798 2567 non
1870 2507 2057 2568 recte
2117 2509 2474 2592 acceptam
2538 2523 2707 2572 esse.
2828 2502 2941 2571 Sic

730 2604 908 2673 enim
950 2602 1041 2671 ad
1084 2602 1416 2671 Hecubae
1458 2624 1522 2671 v.
1561 2599 1736 2670 9⁰7.
1788 2601 2227 2697 scripseram.
2310 2603 2589 2675 Censor
2631 2604 2941 2675 Britan-

726 2729 868 2777 nus
912 2707 1330 2797 ἑπιδέμνιον
1384 2705 1782 2799 legendum
1839 2706 2285 2800 suspicatur.
2409 2706 2631 2805 Quod
2687 2709 2941 2792 miror,

732 2831 948 2905 quum
979 2808 1155 2902 ipse,
1209 2808 1450 2877 allato
1492 2808 1719 2879 Herc.
1740 2805 1910 2902 sur.
1938 2832 2003 2878 v.
2047 2806 2263 2878 1959.
2309 2809 2674 2900 observet,
2724 2807 2941 2886 εὐνοῖν

718 2912 1253 3010 propemodum
1302 2910 1501 2980 idem
1547 2932 1710 2981 esse
1768 2913 1965 3003 quod
2020 2909 2272 2987 ὕπνον.
2396 2915 2626 2985 Adde
2671 2915 2940 2986 Aesch.

735 3018 1015 3111 Agam.
1057 3038 1122 3084 v.
1159 3013 1280 3082 27.
1385 3014 1490 3084 lbi
1533 3021 1636 3084 est
1687 3009 1892 3111 εὐνῆς
1930 3014 2475 3091 ἐπαντείλασαν.
2577 3019 2860 3089 Porro
2838 3044 2940 3089 m·-

730 3119 1269 3214 ter-punctionem
1295 3118 1516 3204 illam,
1557 3110 1938 3193 λεύσσουσ
1939 3114 2385 3243 α’τέρμονας
2418 3123 2517 3203 sic
2547 3116 2771 3218 αὐτοῖς
2797 3127 2940 3197 ἐπι-

734 3225 1059 3316 δέμνιος,
1143 3217 1235 3302 aie
1288 3215 1587 3312 πείσαιμ’
1648 3223 1718 3302 ἐς
1781 3215 2045 3301 εὐνάν..
2126 3222 2238 3290 vix
2299 3221 2595 3315 habere,
2678 3248 2819 3316 quo
2871 3250 2942 3295 se

635 3325 1189 3408 zocommendet.
1305 3323 1415 3393 Ex
1471 3323 1759 3393 Homeri
1813 3323 1977 3393 locis
2019 3324 2186 3393 nihil
2244 3326 2426 3396 aliud
2466 3326 2667 3417 disci,
2739 3352 2941 3420 quam

735 3430 1035 3523 stragula
1075 3428 1320 3497 iniecta
1364 3450 1511 3496 esse
1546 3426 1904 3500 cubilibus,
2006 3427 2347 3499 Pol-sonus
2394 3453 2600 3522 quam
2642 3433 2940 3526 recepis-

735 3543 838 3604 set
866 3533 1352 3618 coniecturam,
1411 3530 1781 3621 quaesitam
1826 3553 1973 3600 esse
2007 3532 2355 3622 multoque
2398 3534 2619 3605 minus
2662 3536 2943 3629 elegan-

734 3649 874 3707 tem
920 3656 1125 3726 quam
1165 3655 1344 3725 quae
1385 3633 1456 3702 in
1493 3632 1679 3701 libris
1725 3642 1860 3721 est,
1911 3634 2289 3728 pleonasmi
2328 3659 2547 3730 genus
2602 3639 2942 3709 continens

734 3739 1227 3813 usitatissimum
1270 3735 1574 3830 tragiciS,
1642 3735 1830 3805 cuius
1879 3736 2136 3830 aliquot
2172 3741 2487 3835 exempla
2525 3763 2942 3812 commemo-

736 3843 993 3912 rabam.
1107 3841 1259 3910 Nec
1308 3840 1631 3933 profecto
1686 3838 1854 3908 illud
1920 3842 2340 3933 ἐπιδέμνιον
2405 3844 2547 3914 aliis
2614 3846 2944 3938 placuisse

734 3945 972 4015 video.
1045 3943 1209 4034 quin
1274 3941 1613 4013 Matthiae
1664 3951 1863 4012 acute
1917 3943 2244 4030 ostendit,
2312 3947 2501 4036 quod
2541 3944 2946 4047 Ομηρικως

739 4049 983 4121 dixisse
1047 4046 1226 4116 visus
1287 4047 1372 4115 sit
1426 4045 1827 4139 Euripides,
1895 4054 1966 4117 et
2014 4047 2322 4118 Homero
2374 4061 2446 4121 et
2504 4052 2605 4120 rei
2668 4062 2943 4146 naturae

736 4172 1147 4247 repugnare.
1252 4148 1616 4243 vulgatam
1665 4150 2010 4244 aptissimo
2067 4153 2385 4245 exemplo
2433 4177 2655 4276 nuper
2703 4155 2941 4225 defen—

742 4257 841 4325 dit
880 4250 1291 4345 Bernhardy
1337 4252 1406 4321 in
1457 4253 1739 4345 Syntaxi
1780 4277 1852 4346 p.
1888 4251 2061 4325 428.
2113 4254 2305 4346 quod
2356 4269 2458 4329 est
2498 4258 2567 4327 in
2616 4256 2938 4330 Bacchis.

743 4351 1034 4454 ὑψόθεν
1079 4381 1531 4453 xeuntem-1715·
1581 4355 1834 4431 πίπτει
1885 4382 2065 4454 προς
2115 4352 2350 4442 οὖδας.
