3259 5275
739 458 1326 520 [NCREDIBILIVM
1370 458 1601 522 LIBER
1626 459 1956 522 PRIMVS.
2329 462 2457 528 861

234 652 486 743 quibus
542 649 779 722 iniuria
833 649 1257 722 contradicas
1302 649 1854 745 reprehendasve
1871 697 1892 732 ‚
1958 650 2159 726 facile
2214 653 2458 721 oblivi-

234 763 553 837 scuntur}
604 753 978 824 irascuntur
1012 755 1345 848 graviter,
1398 755 1456 824 si
1487 754 1655 824 iure.
1762 752 2036 824 Accidit
2068 768 2459 848 opportuno

235 882 401 928 casu
414 909 436 945 ,
488 867 565 926 ut
604 879 691 926 ex
729 858 848 927 illo
891 859 1207 951 exemplo
1248 856 1765 928 Meletematum
1783 910 1805 943 ,
1868 857 2060 948 quod
2099 860 2166 927 in
2215 860 2458 953 dispu-

233 964 562 1034 tationem
589 961 977 1049 attuleram,
1026 962 1331 1054 reposito
1367 963 1437 1031 in
1465 962 1719 1032 scriniis
1737 1011 1758 1047 ,
1812 962 2131 1053 quoniam
2174 964 2311 1032 alio
2350 966 2460 1032 cui

232 1067 545 1157 Dionysii
584 1065 757 1134 liber
797 1065 1148 1138 adiunctus
1193 1074 1294 1135 est
1325 1077 1478 1135 utor
1492 1114 1514 1151 ‚
1566 1088 1702 1135 non
1744 1066 2133 1136 exciderent
2158 1067 2457 1137 schedu-

233 1172 344 1240 lae
358 1224 380 1261 ‚
431 1171 503 1238 in
537 1169 781 1259 quibus
825 1168 1121 1240 breviter
1161 1193 1245 1242 ea
1284 1169 1766 1240 adnotaveram
1786 1219 1808 1257 ‚
1860 1170 1951 1239 de
1982 1170 2227 1260 quibus
2257 1171 2457 1241 dice-

236 1297 386 1343 rem
442 1273 559 1342 illo
607 1271 740 1341 die.
859 1272 965 1342 lta
1012 1273 1269 1343 factum
1314 1283 1417 1343 est
1432 1325 1454 1360 ‚
1519 1283 1595 1343 ut
1641 1296 1817 1342 nunc
1866 1296 2143 1365 quoque
2187 1273 2460 1354 afferre..

237 1400 418 1469 quae
453 1386 597 1446 tum
632 1375 882 1468 partim
930 1377 1068 1446 dixi
1113 1377 1359 1470 partim
1396 1377 1626 1447 dicere
1666 1378 1885 1465 volui,
1935 1376 2211 1470 possim.
2317 1378 2464 1448 Sed

238 1504 454 1573 quum
486 1479 836 1557 dimidiam
868 1479 1014 1551 fere
1039 1490 1307 1574 partem
1338 1503 1576 1550 eorum
1589 1533 1610 1568 ‚
1664 1504 1840 1572 quae
1881 1480 2462 1574 consignaveram‚

237 1594 384 1654 tum
440 1581 879 1677 protulerim'
956 1584 1047 1654 de
1087 1585 1530 1675 quibusdam,
1588 1608 1727 1654 non
1785 1584 1875 1655 de
1928 1585 2238 1654 omnibus
2284 1608 2462 1656 nunc

238 1687 671 1758 commemini
711 1688 1101 1757 venerintne
1140 1691 1211 1757 in
1255 1688 1811 1782 disceptationem
1855 1711 1944 1757 an
1984 1709 2144 1757 non.
2259 1690 2462 1776 Quo-

240 1795 426 1862 circa
484 1814 663 1861 nunc
710 1792 934 1860 omnia
978 1815 1374 1862 enumerare
1416 1794 1612 1879 volo,
1664 1801 1779 1877 ut,
1830 1791 1947 1883 qui
1990 1791 2164 1861 haec
2207 1791 2565 1885 leganglz

237 1898 374 1989 ipsi
400 1895 698 1964 iudicare
721 1896 1023 1988 possint,
1072 1919 1236 1966 num
1261 1897 1330 1965 in
1358 1897 1602 1982 rebu3‚
1654 1918 1823 1988 quas
1853 1896 1963 1965 vel
1990 1896 2328 1966 attulerim
2353 1898 2466 1966 vel

239 2000 571 2069 voluerim
598 1998 883 2085 afferre,
937 1999 1309 2090 quidquam
1335 2000 1447 2088 sit,
1500 2021 1639 2091 quo
1678 2000 1998 2070 arrosisse
2026 1999 2465 2069 Meletematn

239 2102 510 2191 videar,
564 2103 687 2171 nisi
723 2102 779 2170 si
814 2103 1137 2172 arrodere
1177 2113 1279 2173 est
1312 2102 1539 2172 dicere
1582 2103 1885 2194 quibus*
1865 2126 1935 2172 m
1961 2103 2167 2173 rebus
2202 2102 2462 2173 dissen-

146 2257 151 2263 .
240 2206 407 2295 633,
459 2215 530 2275 et
569 2204 848 2297 quidem
892 2214 1168 2299 rogatus
1203 2216 1408 2298 atque
1440 2206 1530 2275 ad
1568 2206 1642 2274 id
1671 2207 1894 2301 ipsum
1926 2207 2255 2276 invitatus.

446 2309 829 2379 Diviseram
873 2332 1149 2379 omnem
1187 2310 1710 2405 disputationem
1756 2310 1825 2378 in
1860 2309 1989 2378 tria
2019 2309 2282 2402 capita,
2332 2308 2466 2378 alia

242 2412 658 2482 contendens
700 2433 837 2480 non
868 2422 1092 2504 recte,
1145 2414 1274 2482 alia
1302 2435 1440 2482 non
1475 2423 1791 2483 accurate
1806 2461 1829 2499 ,
1882 2412 2014 2481 alia
2038 2422 2312 2510 praeter
2339 2437 2462 2483 ne-

242 2501 627 2587 cessitatem
681 2515 863 2585 dicta
909 2517 1021 2586 vel
1080 2526 1387 2586 correcta
1436 2540 1607 2592 3333.
1728 2516 1876 2587 Sed
1936 2519 2261 2609 quoniam
2325 2538 2468 2587 non

241 2621 546 2690 omnium
575 2628 677 2689 est
701 2620 954 2690 mentio
985 2619 1202 2712 facta,
1254 2645 1383 2691 nec
1414 2621 1680 2715 singula
1709 2644 1905 2744 quae·
1916 2643 2003 2690 ex
2031 2644 2307 2717 quoque
2336 2644 2466 2716 ge-

238 2747 411 2794 nere
450 2723 786 2793 attulerim
830 2724 1138 2812 memini‚
1192 2748 1373 2794 nunc
1424 2727 1649 2796 omnia
1683 2725 2070 2821 promiscue
2088 2776 2110 2813 ‚
2174 2726 2457 2820 pagina-

240 2850 398 2897 rum
437 2828 745 2898 ordinem
792 2851 1078 2918 sequens
1092 2879 1113 2916 ,
1166 2852 1522 2923 exponam.
1628 2830 1710 2899 In
1751 2830 1992 2921 quibus
2035 2852 2175 2920 quo
2211 2828 2469 2898 leviora

243 2940 401 3001 sunt
425 2932 670 3017 multa,
723 2953 809 3001 eo
835 2931 1164 3002 minorem
1205 2956 1340 3027 ego
1371 2932 1649 3025 quidem
1679 2932 2073 3003 criminandi
2115 2932 2467 3001 materiam

241 3034 450 3106 fuisse
485 3033 908 3105 crediderim.

452 3190 508 3259 1.
571 3189 651 3259 Ρ.
687 3188 757 3257 1.
808 3187 1079 3259 Initium
1113 3186 1248 3257 feci
1277 3186 1713 3258 defendenda
1753 3189 2090 3281 scriptura
2113 3183 2465 3285 Ἀλικαρ-

244 3286 514 3375 νασσὸς
558 3301 629 3362 et
679 3293 990 3363 similium
1004 3342 1028 3378 ‚
1094 3314 1299 3383 quam
1357 3292 1803 3383 antiquiorem
1858 3292 2069 3361 altera
2126 3288 2465 3384 putarem,

244 3395 539 3467 afferens
568 3420 650 3466 ea
664 3444 687 3485 ‚
737 3419 917 3488 quae
946 3396 1344 3465 memoravit
1372 3395 1761 3465 Erfurdtius
1785 3396 1857 3464 in
1891 3396 2154 3464 minore
2187 3394 2295 3464 ed.
2327 3394 2465 3464 So-

242 3499 514 3593 phoclis
543 3499 636 3569 ad
674 3501 1057 3595 Antigonae
1100 3522 1166 3571 v,
1200 3497 1426 3567 113⁰.

452 3652 541 3722 11.
644 3653 724 3724 Ρ.
771 3651 841 3723 2.
945 3652 1377 3744 Dionysius
1355 3677 1428 3721 m
1467 3650 1804 3746 principio
1847 3650 2025 3720 Artis
2082 3649 2466 3720 rhetoricae

247 3757 346 3825 sic
395 3755 657 3826 scribit:
726 3750 1123 3854 πανήγυρις
1167 3753 1448 3878 εὕρημα
1497 3756 1636 3847 μὲν
1680 3751 1799 3827 καὶ
1845 3754 2081 3848 δωρον
2122 3752 2319 3826 θεῶν
2366 3756 2467 3836 εἰς

247 3848 688 3932 ἀνάπαυλαν
731 3859 881 3932 τῶν
933 3858 1110 3983 περι
1156 3886 1290 3932 τον
1335 3858 1506 3953 βίον
1544 3849 1897 3949 μειζόνων
1948 3858 2463 3953 παραδεδομέ-

244 3988 370 4061 νη,
416 3989 507 4044 ως
533 3989 679 4035 που
708 3959 752 4036 ὁ
782 3955 1100 4035 Πλάτων
1131 3960 1364 4058 φησίν.
1468 3960 1603 4030 Vbi
1635 3983 1845 4051 quum
1871 3958 2283 4029 Schaeferus
2311 3984 2467 4029 cor-

245 4072 529 4157 mptum
566 4058 918 4159 μειζόνων
956 4066 1328 4159 suspicatus
1371 4073 1548 4134 esset
1579 4062 1982 4134 mutandum
2023 4087 2173 4134 esse
2215 4063 2285 4132 in
2322 4090 2466 4157 με-

246 4160 613 4251 λεδωνων,
689 4167 1056 4239 rectissime
1113 4168 1560 4263 Sylburgium
1610 4167 1944 4239 iudicasse
1986 4165 2467 4251 existimabam,

245 4271 366 4364 qui
402 4270 613 4364 ipsius
643 4272 943 4342 Platonis
983 4272 1270 4343 verbum
1312 4264 1555 4345 πόνων
1595 4270 1841 4365 reponi
1868 4269 2222 4359 voluisset,
2271 4268 2465 4338 vide-

242 4375 584 4467 baturque
632 4374 798 4444 mihi
841 4375 1009 4446 illud
1050 4383 1224 4469 μειζ
1256 4397 1343 4445 ex
1383 4398 1754 4469 perperam
1797 4374 1974 4443 lecta
1999 4371 2465 4468 praecedentis

244 4479 439 4549 verbi
466 4476 635 4572 βίον
667 4479 999 4573 scriptura
1032 4502 1180 4550 3333
1208 4488 1453 4552 ortum.
