3259 5275
746 439 1335 518 mcnssommv'm
1380 452 1607 516 LIBER
1655 458 1959 519 anvs.
2398 466 2530 530 aso

316 645 607 716 rendum
673 646 876 716 fuisse
942 648 1043 736 ei,
1113 649 1226 739 qni
1298 648 1392 717 sic
1459 657 1534 717 ut
1584 648 1737 742 ipse
1790 648 1880 718 de
1931 648 2066 718 hoc
2114 672 2370 743 genere
2421 653 2528 725 di-

319 750 518 820 cendi
569 751 870 820 sentiret:

424 883 484 961 oi
535 880 754 985 φάος,
804 888 1156 983 μέγιστον
1207 885 1382 986 ἡμῖν
1394 942 1424 978 ,
1476 885 1681 962 εὐΐου
1731 884 2256 984 βακχεύματος.

522 1042 840 1111 XXXIX.
910 1042 989 1111 P.
1036 1040 1208 1110 120.
1274 1042 1345 1110 ἰιι
1396 1042 1863 1112 adnotatione:
1933 1093 1977 1129 „
2006 1044 2533 1117 constantissi-

316 1168 517 1215 mum
567 1155 678 1215 est
730 1146 1158 1233 discrimen,
1215 1145 1412 1237 qnod
1454 1169 1547 1215 ue
1599 1147 1799 1239 quis,
1867 1147 2240 1243 Wofflana
2290 1162 2531 1221 motus

317 1249 929 1343 intevpunctione,
1001 1247 1419 1318 Homericis
1482 1249 1556 1319 ll.
1627 1248 1738 1319 II.
1801 1273 1865 1320 v.
1924 1250 2097 1320 250.
2169 1276 2274 1345 sq.
2345 1273 2530 1325 con-

317 1354 489 1424 velli
528 1363 778 1448 putet,
848 1353 1126 1446 cogitet
1191 1353 1516 1446 optativo
1565 1354 1723 1423 veri
1770 1355 2079 1425 nominis
2147 1353 2276 1429 οὐκ
2340 1358 2531 1427 addi

314 1481 463 1528 non
494 1480 739 1551 posse.
821 1456 1039 1526 Satis
1087 1467 1339 1527 notum
1391 1465 1537 1545 est,
1594 1451 2074 1550 ψευδώνυμον
2129 1482 2294 1528 cum
2339 1460 2635 1554 par-27

319 1562 553 1633 ticula
584 1559 675 1634 ἄν
702 1560 1128 1654 saepissime
1156 1562 1264 1631 sic
1289 1561 1486 1653 poni,
1529 1569 1609 1629 ut
1637 1561 1868 1630 vicem
1888 1572 2123 1653 gerat
2147 1563 2288 1635 τοῦ
2317 1592 2535 1659 προς-

318 1664 707 1740 τακτικοῠε
775 1687 915 1756 quo
962 1688 1180 1734 sensu
1221 1663 1344 1733 ubi
1384 1663 1700 1750 dicitur,
1770 1663 1860 1737 ου’
1900 1675 2105 1735 recte
2150 1667 2533 1753 adsciscit,

315 1769 758 1838 mutandum
786 1769 1028 1837 illud
1001 1792 1076 1838 m
1113 1761 1243 1862 μή,
1296 1768 1363 1837 si
1384 1766 1897 1862 imperativum
1925 1768 2293 1866 sufficias.
2349 1772 2533 1841 Ari-

317 1872 719 1966 stophanes
763 1871 967 1966 Vesp.
997 1896 1061 1941 v.
1092 1871 1264 1944 725.
1296 1894 1404 1964 sq.

425 2020 614 2118 ἦπου
683 2051 910 2120 σοφος
975 2019 1104 2116 ἦν,
1185 2022 1374 2107 ὅςτις
1425 2025 1771 2119 ἔφασκεν·
1822 2023 2053 2148 εΠρὶν
2106 2023 2198 2098 ἄν
2250 2023 2534 2126 α’μφοῖν

1500 2129 1753 2222 μῦθον
1792 2123 2135 2224 ακούσῃς,

425 2227 555 2306 οὐκ
593 2229 685 2304 ἄν
717 2223 1064 2311 δικάσαις.

317 2386 431 2456 ad
467 2408 530 2478 q.
579 2385 626 2454 1.
667 2383 1168 2454 Scholiastes:
1212 2377 1441 2458 Kato?
1480 2365 1614 2475 το,

424 2536 713 2639 ,,Μηδὲ
798 2535 999 2635 δίκην
1072 2531 1403 2635 δικάσῃς,
1488 2536 1659 2633 πρὶν
1744 2535 1838 2610 ἄν
1918 2533 2201 2638 οἶμφοΐν
2279 2539 2534 2634 μῦθον

1505 2634 1890 2738 ακούσῃς.“

316 2779 649 2869 Fatebar,
723 2779 912 2871 quod
958 2780 1113 2850 satis
1165 2788 1401 2848 notum
1441 2780 1732 2900 diceret,
1797 2779 1962 2848 mihi
2007 2781 2314 2872 ignotum
2367 2807 2534 2871 esse,

316 2897 727 2981 gratumque
759 2884 1093 2952 facturum
1138 2884 1298 2951 fuiss
1268 2908 1376 2967 se,
1428 2884 1482 2952 si
1521 2885 1595 2952 id
1618 2884 1761 2952 aliis
1804 2886 2129 2975 exemplis
2161 2908 2365 2973 quam
2405 2888 2535 2954 isto

317 2988 787 3081 Aristophanis
835 3010 1035 3055 versu
1083 2988 1541 3079 probavisset,
1602 2988 1670 3054 in
1711 3008 1849 3076 quo
1894 2984 2022 3058 οὐκ
2071 2982 2162 3057 οἷν
2210 2981 2537 3071 δικάσαις

317 3093 393 3162 id
433 3093 621 3185 qnod
650 3092 901 3181 ubique
945 3091 1357 3182 significare,
1409 3114 1551 3159 non
1578 3089 1831 3182 possis
1871 3088 2240 3178 iudicare,
2293 3091 2538 3160 eadem

315 3199 578 3266 ratione
602 3219 737 3286 qua
768 3218 808 3262 a
830 3194 1243 3280 Quintiliano
1277 3193 1328 3262 1.
1358 3188 1429 3278 5,
1460 3193 1581 3262 50.
1604 3194 1966 3262 monitum:
1999 3216 2086 3261 ne
2126 3216 2220 3262 ac
2243 3212 2376 3262 non
2400 3196 2538 3263 ad-

313 3299 610 3371 verbia.-
680 3299 802 3391 qui
856 3307 1101 3367 tamen
1152 3319 1296 3390 pro
1353 3296 1524 3381 illo,
1600 3320 1686 3365 ne
1732 3290 2010 3384 scedis,
2074 3320 2210 3364 non
2263 3298 2536 3384 feceris,

314 3407 396 3475 in
428 3405 623 3473 idem
651 3402 937 3471 incidat
965 3401 1253 3490 vitium,
1309 3401 1483 3493 quia
1515 3400 1839 3470 alterum
1869 3400 2206 3493 negandi
2239 3410 2373 3491 est,
2416 3401 2536 3470 al-

318 3518 562 3581 terum
595 3505 917 3577 vetandi.

524 3645 674 3714 XL.
754 3643 831 3711 P.
874 3640 1042 3709 123.
1090 3637 1445 3732 Odysseae
1473 3640 1526 3709 Ι.
1558 3662 1622 3710 ν.
1655 3639 1776 3709 47.
1822 3638 2151 3725 afflet-em,

424 3794 515 3882 uic
545 3790 905 3871 ἀπόλοιτο
942 3792 1060 3866 καὶ
1086 3791 1333 3884 ἄλλος,
1389 3790 1543 3876 ὅτις
1571 3785 1893 3867 τοιαῦτά
1926 3821 2006 3888 ys
2046 3795 2275 3891 ῥέζοι,

314 3952 690 4044 „Codices
744 3946 1103 4019 Vindob.“
1154 3947 1401 4037 inquit,
1447 3995 1490 4027 ,,
1512 3948 1718 4043 ῥέζει.
1826 3946 1984 4016 Aut
2028 3945 2169 4016 hoc
2198 3945 2536 4040 proban..

320 4058 541 4143 dum,
609 4055 900 4148 opinor,
950 4060 1103 4121 ‘aut
1155 4051 1550 4143 legendum
1613 4053 1863 4148 ῥέζηό*
1979 4052 2138 4118 Non
2183 4051 2540 4118 videbatur

209 4187 213 4191 ·
316 4160 484 4231 mihi
525 4158 965 4227 dubitandum
1005 4178 1150 4223 esse
1185 4154 1272 4222 de
1316 4154 1655 4246 optativo,
1711 4175 1848 4243 qno
1881 4153 2044 4222 nihil
2073 4164 2250 4221 esset
2278 4154 2536 4221 verinsz

316 4263 626 4358 pendere
674 4263 847 4330 enim
891 4282 974 4328 ex
1013 4280 1418 4352 praegresso
1461 4258 1789 4350 optativo.
1898 4257 2040 4327 Sed
2093 4257 2255 4324 nihil
2306 4257 2538 4322 attinet

315 4367 580 4462 repeti,
632 4389 807 4455 quae
837 4365 996 4432 alibi
1027 4361 1116 4430 de
1144 4361 1280 4429 hoc
1316 4384 1572 4453 genere
1596 4360 1958 4452 loquendi,
2010 4360 2221 4428 hodie
2267 4358 2535 4426 notissi-

318 4494 473 4556 mo,
525 4470 780 4561 scripsi.

418 4588 665 4657 Hnnm.
718 4586 849 4661 Or.
894 4588 1009 4657 lv.
1986 4582 2051 4650 A
2076 4602 2118 4647 8
