3259 5275
730 472 863 535 2⁰0
1476 466 2229 530 EMENDATIONES

736 668 941 751 atque
976 655 1223 726 inutilis
1263 656 1458 726 iacet.
1560 656 1658 728 At
1693 653 2035 726 enimvero
2074 656 2163 725 de
2195 664 2339 725 arte
2373 655 2606 726 critica
2650 666 2792 726 tam
2824 658 2957 727 dis-

737 772 1092 855 crepantes
1118 770 1269 829 sunt
1295 760 1646 830 hominum
1675 763 2072 850 sententiae,
2125 783 2331 851 quam
2360 760 2450 829 de
2478 770 2622 829 arte
2653 762 2958 831 medico-

735 889 905 935 rum.
1010 864 1340 934 Simillimi
1383 865 1561 933 enim
1595 874 1748 933 sunt
1793 865 2002 933 critici
2032 864 2311 934 medicis
2328 914 2350 951 ,
2403 887 2484 932 ac
2515 866 2750 957 potius
2800 866 2962 935 nihil

737 970 826 1038 ab
854 970 933 1037 iis
975 966 1297 1052 differunt
1311 1017 1333 1055 ,
1383 968 1509 1036 nisi
1556 967 1743 1057 quod
1782 969 2034 1061 scripta
2048 1017 2069 1058 ,
2121 968 2217 1035 illi
2255 975 2484 1036 autem
2519 990 2816 1060 corpora
2845 992 2964 1038 cu·

737 1082 907 1145 rant.
1011 1070 1104 1139 Vt
1141 1071 1265 1139 illis
1295 1080 1364 1139 et
1397 1070 2032 1165 cognoscendorum
2063 1071 2456 1140 morborum
2488 1072 2765 1140 scientia
2790 1095 2963 1165 opus

742 1185 874 1264 est,
930 1196 1137 1264 quam
1173 1168 1654 1271 σημειωτικήν
1705 1175 2090 1268 appellant3
2158 1184 2227 1243 et
2267 1196 2527 1261 rerum,
2591 1176 2836 1266 quibus
2876 1176 2964 1244 ad

741 1278 1156 1349 medendum
1196 1286 1466 1345 utantur
1513 1278 1897 1371 cognitione
1915 1331 1937 1369 ‚
2003 1300 2207 1369 quam
2250 1275 2424 1375 ὕλην
2469 1271 2804 1377 ἰατρικήν
2857 1278 2965 1347 di-

746 1391 939 1465 cunt3
1013 1389 1085 1449 et
1137 1380 1766 1502 componendorum
1816 1381 2462 1451 medicamentorum
2511 1389 2690 1468 arte,
2757 1405 2965 1503 quam

695 1486 748 1556 4
766 1478 1358 1583 φαρμακευτικήν
1390 1495 1681 1577 vocant3
1731 1483 1800 1554 et
1831 1486 2285 1556 curandorum
2311 1493 2748 1578 aegrotorum
2773 1486 2965 1579 peri-

742 1590 873 1676 tia,
925 1609 1132 1679 quam
1171 1587 1515 1661 nominant
1561 1583 2131 1686 θεραπευτικήν.
2183 1589 2279 1658 sic
2311 1587 2384 1656 hi
2428 1598 2499 1658 et
2540 1591 2962 1683 corruptela-

741 1715 893 1762 rum
917 1691 1133 1760 varias
1164 1691 1415 1759 formas
1448 1714 1851 1783 caussasque
1885 1693 2284 1785 cognovisse
2300 1741 2323 1779 ,
2376 1700 2445 1761 et
2477 1714 2651 1782 quae
2692 1693 2824 1768 sint
2856 1703 2961 1763 at-

742 1819 878 1888 que
915 1794 1100 1864 unde
1132 1794 1434 1887 petenda
1468 1795 1782 1864 vitiorum
1816 1795 2121 1865 remedia
2147 1806 2418 1885 tenere,
2471 1805 2540 1864 et
2570 1795 2819 1865 horum
2846 1821 2962 1867 re-

631 1953 634 1956 *
740 1899 1121 1970 mediorum
1167 1920 1344 1988 quae
1382 1907 1919 1991 temperamenta
1963 1900 2092 1968 sint
2136 1899 2525 1970 adhibenda
2564 1900 2958 1994 intelligere,

741 2012 813 2073 et
842 2009 1165 2095 corrupta
1203 2001 1492 2093 denique
1522 2024 1659 2093 qua
1697 2003 1956 2072 ratione
1985 2003 2286 2074 sananda
2324 2004 2453 2073 sint
2482 2004 2654 2072 scire
2688 2004 2959 2074 debent.

740 2107 837 2176 Vt
871 2105 1119 2175 medici
1149 2106 1260 2174 alii
1309 2105 1400 2174 ad
1432 2107 1767 2178 urendum
1796 2116 1865 2176 et
1908 2106 2279 2176 secandum
2305 2107 2507 2201 proni
2525 2157 2546 2192 ,
2600 2108 2714 2176 alii
2741 2108 2961 2177 timidi

741 2221 810 2280 et
834 2211 945 2279 vel
978 2209 1067 2278 ad
1096 2210 1320 2278 levem
1347 2210 1799 2280 infirmitatem
1824 2210 2072 2303 trepidi
2111 2220 2297 2299 sunt,
2345 2212 2441 2279 sic
2472 2211 2673 2282 etiam
2704 2233 2790 2279 ex
2826 2213 2960 2280 cri-

738 2315 885 2384 ticis
915 2314 1029 2382 alii
1054 2313 1379 2382 violentas
1414 2337 1649 2383 manus
1677 2315 1976 2384 iniiciunt
1990 2366 2011 2402 ,
2062 2337 2150 2383 ne
2180 2314 2451 2384 sinceris
2488 2314 2766 2405 quidem
2792 2339 2958 2409 par-

741 2426 970 2486 centes
1001 2442 1023 2500 3
1074 2416 1186 2484 alii
1222 2415 1335 2484 vix
1377 2419 1666 2486 tremulo
1699 2416 1892 2510 digiti
1929 2427 2114 2486 tactu
2156 2427 2511 2487 attrectare
2543 2417 2794 2487 affecta
2835 2443 2959 2489 au-

740 2521 925 2589 dent.
1027 2518 1121 2587 Vt
1158 2519 1405 2588 medici
1443 2543 1599 2590 raro
1642 2521 1935 2612 aliquem
1977 2521 2241 2614 penitus
2281 2532 2548 2607 sanant,
2598 2522 2960 2613 aliquando

741 2625 941 2694 etiam
986 2622 1410 2708 interficiunt,
1462 2626 1587 2696 arti
1620 2626 1958 2695 victimam
1992 2625 2286 2694 oblatam
2327 2624 2657 2695 diceutes:
2708 2627 2806 2695 sic
2847 2626 2961 2718 qui

740 2729 1174 2820 scriptorem,
1225 2727 1348 2795 nisi
1387 2727 1564 2797 forte
1596 2730 1787 2798 unius
1829 2729 2147 2821 pagellae
2180 2729 2473 2798 terminis
2503 2729 2960 2822 comprehen-

739 2853 909 2923 sum,
960 2831 1027 2898 in
1052 2831 1393 2923 integrum
1427 2832 1789 2901 restituerit
1827 2833 2113 2920 criticuS,
2162 2832 2463 2901 noudum
2499 2843 2807 2925 repertus
2840 2842 2959 2921 est,

740 2935 1129 3009 exstiterunt
1153 2943 1413 3021 autem,
1442 2937 1581 3025 qui
1609 2945 2003 3005 necatorum
2038 2938 2125 3007 ab
2160 2956 2232 3005 se
2267 2936 2677 3029 scriptorum
2709 2960 2961 3031 magna

739 3037 1067 3106 cadavera
1083 3088 1103 3124 ,
1156 3047 1369 3107 artem
1409 3062 1598 3108 suam
1636 3041 1955 3109 iactantes
1970 3093 1991 3131 ‚
2043 3040 2324 3133 publice
2350 3050 2783 3132 exponerent.
2869 3040 2960 3109 Vt

736 3139 1160 3210 medicorum
1190 3142 1466 3231 quidam
1481 3190 1503 3228 ‚
1556 3143 1812 3235 aliquid
1854 3145 2090 3213 saltem
2135 3143 2226 3212 de
2272 3144 2495 3212 multis
2532 3144 2961 3236 profuturum

737 3245 899 3331 rati,
950 3244 1267 3314 mixturas
1315 3268 1399 3315 ex
1431 3249 1615 3316 omni
1657 3270 1912 3341 genere
1941 3246 2308 3316 herbarum
2324 3301 2345 3339 ‚
2395 3246 2702 3316 radicum
2728 3300 2749 3336 ,
2802 3270 2960 3317 cor-

736 3348 947 3417 ticum
963 3394 985 3432 ,
1035 3350 1464 3419 metallorum
1522 3361 1882 3429 concoctae
1937 3352 2309 3444 praebent3
2374 3350 2651 3440 quidam
2705 3360 2955 3439 autem,

739 3451 879 3520 sive
911 3450 1298 3544 disciplinae
1325 3453 1464 3523 sive
1489 3455 1738 3548 ingenii
1764 3457 1946 3544 vitio,
1993 3477 2327 3548 panaceas
2364 3453 2724 3537 venditant,
2749 3477 2951 3533 una-

742 3575 879 3644 que
903 3577 944 3624 e
967 3555 1225 3647 pyxide
1250 3558 1547 3626 omnium
1561 3558 1972 3652 depromunt
1986 3560 2380 3629 morborum
2402 3557 2740 3642 remedia3
2791 3558 2950 3649 qui-

740 3656 904 3726 dam
942 3681 1105 3727 vero
1131 3661 1408 3752 magicis
1447 3663 1699 3732 artibus
1729 3673 1800 3732 et
1837 3662 2158 3732 credendi
2200 3662 2450 3731 fiducia
2486 3661 2752 3730 divinae
2797 3662 2949 3755 opi-s

742 3761 1066 3829 miracula
1092 3761 1181 3832 dc
1210 3764 1402 3834 caelo
1430 3764 1802 3836 devocant:
1854 3768 1950 3835 sic
1980 3766 2181 3835 etiam
2200 3789 2240 3834 e
2267 3766 2651 3834 criticorum
2675 3786 2954 3835 numero

737 3864 1068 3947 nonnulli,
1121 3889 1258 3955 quo
1287 3870 1573 3960 penitius
1605 3869 1856 3939 menda
1880 3871 2282 3962 exstirpent,
2334 3869 2629 3959 aliqum
2668 3864 2953 3941 ἀντίδο-

738 3992 874 4040 τον
916 3970 1653 4065 ἑκατονταμίγματον
1711 3973 2111 4057 admovent3
2185 3974 2296 4042 alii
2332 3986 2568 4042 contra
2611 3995 2765 4042 suas
2805 3972 2954 4040 lu-

740 4070 902 4139 daut
939 4071 1344 4143 universales
1370 4075 1734 4145 medicinas
1750 4127 1771 4164 ,
1821 4079 1931 4146 vel
1957 4077 2539 4170 transpositionem
2568 4076 2951 4160 verborum,

738 4174 851 4242 vel
891 4174 1288 4245 eiectionem
1336 4179 2078 4271 interpretamentorum
2093 4231 2114 4268 ,
2179 4181 2291 4249 vel
2337 4178 2951 4274 palaeographicae

737 4277 1132 4346 curiositatis
1186 4292 1598 4375 praepotens
1655 4283 2029 4353 theriacum
2042 4335 2063 4373 ‚
2130 4285 2239 4353 vel
2278 4285 2332 4353 si
2375 4283 2539 4374 quid
2593 4282 2778 4353 aliud
2830 4283 2948 4351 ali-

737 4381 1011 4471 quando
1039 4383 1328 4453 salutare
1359 4385 1564 4455 finisse
1593 4390 2067 4481 cognoverint3
2121 4388 2232 4457 alii
2262 4387 2575 4478 denique,
2624 4387 2790 4456 belli
2818 4385 2944 4454 ho-

735 4484 944 4556 mines
982 4494 1054 4554 et
1092 4510 1247 4558 cum
1282 4489 1522 4583 lepore
1558 4491 1859 4583 quodam
1899 4492 2362 4580 daemoniaci,
2402 4513 2768 4584 operosum
2804 4512 2945 4559 me·
3079 4482 3089 4502 ‘
