3259 5275
764 512 892 576 ⁸22
1019 507 1124 572 1)ss
1163 504 1829 569 lNSCRlPTlONlBVS
1876 504 2331 581 vavsnAM
2379 505 2728 570 GRAECIS.

1835 812 1918 881 ΙΙ.

978 1002 1096 1078 Fr.
1141 999 1279 1071 Th.
1323 999 1726 1070 Welckcrus
1777 1001 1846 1070 in
1886 999 2156 1071 Dim-nis
2202 1001 2615 1073 scholasticis
2661 1025 2722 1074 ιι.
2767 1001 2990 1072 1830.

773 1117 967 1203 parte
1019 1106 1107 1176 u.
1154 1127 1218 1175 ιι.
1267 1101 1390 1173 86.
1461 1103 1690 1172 denuo
1739 1105 2235 1199 epigrammata
2281 1105 2604 1178 nonnulla
2661 1127 2748 1177 ex
2795 1108 2992 1177 variis

777 1212 1188 1306 deprompta
1244 1205 1429 1277 libris
1482 1207 1809 1278 tractavit.
1928 1207 2270 1301 Singulari
2340 1210 2639 1301 quodam
2690 1210 2840 1279 fato
2890 1210 2994 1280 his

777 1337 1052 1407 quoque
1094 1313 1414 1406 Sylloges
1463 1310 1932 1381 additamentis
1986 1312 2383 1382 sententiam
2398 1362 2420 1400 ‚
2487 1336 2691 1405 quam
2744 1313 2837 1384 de
2880 1315 2995 1383 illo

776 1419 953 1488 libro
995 1416 1168 1503 dixi,
1234 1407 1653 1503 confirmari,
1724 1437 1860 1485 non
1904 1422 2127 1508 potest
2173 1417 2384 1487 latere
2430 1418 2758 1487 lectorem
2799 1417 2998 1513 cupi-

779 1521 988 1591 ditate
1013 1520 1329 1590 liberum.-
1427 1517 1508 1587 Id
1552 1538 1689 1612 ego
1731 1518 2010 1609 quidem
2050 1519 2308 1588 silentio
2343 1521 2785 1615 praeterirem
2803 1573 2826 1608 ‚
2881 1522 2998 1591 nisi

780 1650 890 1695 me
944 1632 1256 1717 putarem
1312 1621 1500 1714 apud
1552 1644 1709 1699 eos,
1778 1623 1897 1712 qui
1939 1621 2078 1690 hoc
2125 1643 2382 1716 genere
2437 1625 2809 1695 litterarum
2876 1624 2999 1695 de-

774 1732 1110 1798 lectantnr
1127 1777 1148 1814 ‚
1225 1724 1479 1816 aliquid
1544 1725 1807 1818 gratiae
1873 1725 2192 1795 initurum
2259 1751 2446 1804 esse
2519 1729 2573 1797 si
2641 1729 3000 1797 coniectu-

783 1856 890 1902 ras
929 1829 1178 2007 ¹paullo
1196 1879 1218 1916 ‚
1302 1837 1379 1897 ut
1421 1827 1585 1897 mihi
1644 1828 1949 1914 videtur,
2031 1831 2522 1921 probabiliores
2574 1831 2644 1900 in
2697 1831 3002 1902 medium

785 1945 927 2005 attu
957 1954 1122 2004 enm

989 2038 1218 2107 Prima
1271 2033 1539 2124 illarum
1593 2034 2098 2129 inscriptionum
2114 2089 2135 2124 ‚
2205 2058 2380 2126 quae
2440 2046 2711 2131 sumpta
2759 2047 2868 2107 est
2923 2059 3002 2106 ex

783 2142 1025 2213 Leakii
1118 2135 1470 2209 Itinerario
1562 2137 2146 2234 Peloponnesiaco
2234 2140 2367 2213 vol.
2437 2139 2490 2210 l.
2581 2164 2750 2235 pag.
2831 2139 3003 2212 293.

783 2248 960 2317 haec
1012 2253 1151 2315 est:
1538 2291 1547 2298 -

770 2469 779 2470 ἶ
874 2388 1507 2460 ΚΔΕΙΝΟΟΠΑΙΟ
1544 2437 1561 2454 .
1609 2440 1624 2455 .
1673 2389 2568 2459 ΩΙΠΟΟΤΕΠΩΝΩΟΟΜ
2608 2441 2624 2459 .
2669 2391 2865 2459 Noc

877 2493 1390 2562 AYTOMAm
1432 2539 1447 2555 .
1495 2537 1510 2554 .
1561 2538 1574 2553 .
1630 2535 1646 2552 .
1692 2491 2099 2559 ΩΘΝΗΟΚ

791 2640 1180 2730 Sequuntur
1209 2634 1415 2705 deleti
1448 2657 1681 2704 versus
1710 2631 2074 2703 duodecim
2100 2635 2211 2707 vel
2245 2634 2808 2726 quattuordecim.

879 2801 1667 2880 ,Ε’ΊῸΤΟΤΜΕΠΛΙΔΑ
1749 2835 1834 2849 -
1918 2837 2004 2850 -
2091 2837 2171 2850 -

888 3003 2685 3075 ΤΟΝΚΑΑΙΝΕΙΚΟΝΧΩΟΕΝΑΡΟΕΝΑΟΔΤΕΙΝ

883 3107 2063 3178 ΑΙΠΟΝΤΑΠΑΙΔΑΟΚΑῙΦΑΟΟ
2099 3155 2116 3173 .
2162 3157 2181 3174 .
2230 3111 2653 3176 ΝΑΙΚΑΤΕ

882 3210 1908 3281 ΧΗΡΗΝΑΡΙΟΤΟΚΛΕΙΑΝ
1948 3258 1965 3277 .
2017 3214 2244 3281 0121„
2289 3258 2309 3278 .
2354 3214 2637 3279 ΔΡΙΑΟ

885 3312 2057 3385 ΑΡΧΑΙΟΝΕΖΗΝΩΟΕΝΗΘΟΟ
2093 3363 2106 3376 .
2155 3359 2170 3377 .
2217 3362 2234 3378 .
2283 3314 2563 3382 RAIw

884 3416 1585 3486 ΔΑΙΜΩΝΑΠΕΟΧ
1622 3465 1636 3479 .
1685 3465 1702 3482 .
1747 3418 1991 3483 ΕΙΜΕ
2029 3463 2048 3481 .
2091 3462 2111 3483 .
2160 3463 2175 3480 .
2225 3418 2767 3485 ΠΑΙΔΩΝΔΙΟ

893 3521 1667 3590 owANTEMEIOTA
1711 3567 1725 3581 .
1775 3564 1790 3582 .
1841 3565 1863 3585 .
1910 3519 2611 3588 ΟΟΦΙΛΗΠΑΤΡΙΟ

883 3622 2756 3691 ΜΗΤΗΡΤΕΚΛΕΙΝΗΚΑΙΟῬΝΕΥΝΟΟΚΑΙΦΙΛΠ

891 3763 970 3776 -
1058 3760 1144 3775 -
1227 3726 2459 3795 ΕΙΟΒΙΟΙΟΓΗΡΑΙΟΝΜΕΤΡΟΝ

806 3887 1026 3955 Recte
1071 3885 1387 3955 observat
1420 3884 1858 3972 Welckerus‚
1912 3884 2050 3954 duo
2099 3884 2314 3955 videri
2359 3884 2534 3954 haec
2579 3885 2651 3953 in
2698 3883 3013 3955 eumdem

806 3988 1149 4059 hominem
1174 3988 1672 4083 epigrammata
1703 4012 1853 4058 esse
1866 4037 1889 4075 ‚
1937 3989 2226 4059 alterum
2265 3989 2576 4082 elegiaco
2606 3997 2868 4111 metro,
2919 3987 3008 4056 nl-

808 4104 1030 4162 terum
1075 4090 1364 4160 iambico
1425 4093 1771 4185 scriptum.
1886 4092 1969 4163 In
2009 4093 2241 4185 priore
2296 4115 2381 4162 ex
2429 4100 2630 4185 parte
2675 4092 3015 4161 verissime

810 4194 1241 4265 scribendum
1275 4205 1538 4281 censet,
1589 4188 1991 4291 αὐτομάτῳ
2018 4189 2328 4291 θανάτῳ
2364 4188 2654 4285 &vinnm
2682 4195 2795 4264 vel
2826 4188 3014 4293 θνή-

814 4326 952 4372 σκω
960 4327 1016 4371 ν.
1119 4297 1265 4368 Sed
1301 4306 1531 4368 tamen
1571 4321 1748 4389 quae
1805 4299 2016 4368 altero
2065 4299 2556 4392 epigrammate
2601 4298 3015 4367 continentur

814 4401 924 4470 vix
949 4401 1344 4493 permittunt
1358 4449 1381 4488 ‚
1432 4409 1509 4470 ut
1548 4400 1733 4471 hunc
1771 4402 1968 4494 Xysti
2000 4402 2215 4471 filium
2230 4453 2252 4491 ‚
2304 4403 2420 4493 qui
2464 4423 2737 4470 suorum
2785 4424 3010 4470 aman-

813 4505 1099 4575 tissimus
1144 4504 1410 4575 videtur
1458 4503 1669 4573 fuisse
1685 4555 1707 4591 ‚
1775 4514 1990 4574 semet
2038 4506 2260 4598 ipsum
2317 4503 2728 4574 interemisse
2779 4504 3011 4575 creda-
