<?xml version="1.0" encoding="UTF-8"?>
<!DOCTYPE html PUBLIC "-//W3C//DTD XHTML 1.0 Transitional//EN"
    "http://www.w3.org/TR/xhtml1/DTD/xhtml1-transitional.dtd">
<html xmlns="http://www.w3.org/1999/xhtml" xml:lang="en" lang="en">
 <head>
  <title>
</title>
<meta http-equiv="Content-Type" content="text/html;charset=utf-8" />
  <meta name='ocr-system' content='tesseract 3.04.00' />
  <meta name='ocr-capabilities' content='ocr_page ocr_carea ocr_par ocr_line ocrx_word'/>
</head>
<body>
  <div class='ocr_page' id='page_1' title='image "./godofrediherman03fritgoog_0177.png"; bbox 0 0 3259 5275; ppageno 0'>
   <div class='ocr_carea' id='block_1_1' title="bbox 989 495 2452 578">
    <p class='ocr_par' dir='ltr' id='par_1_1' title="bbox 989 495 2452 578">
     <span class='ocr_line' id='line_1_1' title="bbox 989 495 2452 578; baseline 0.005 -22"><span class='ocrx_word' id='word_1_1' title='bbox 989 496 1164 559; x_wconf 77' lang='lat' dir='ltr'><strong>Lm.</strong></span> <span class='ocrx_word' id='word_1_2' title='bbox 1204 495 1313 559; x_wconf 83' lang='lat'><strong>111.</strong></span> <span class='ocrx_word' id='word_1_3' title='bbox 1404 498 1597 559; x_wconf 64' lang='lat' dir='ltr'><strong>cn.</strong></span> <span class='ocrx_word' id='word_1_4' title='bbox 1643 502 1704 563; x_wconf 77' lang='lat'><strong>5.</strong></span> <span class='ocrx_word' id='word_1_5' title='bbox 2320 512 2452 578; x_wconf 64' lang='grc' dir='ltr'><strong>ιω</strong></span> 
     </span>
    </p>
   </div>
   <div class='ocr_carea' id='block_1_2' title="bbox 215 680 2440 855">
    <p class='ocr_par' dir='ltr' id='par_1_2' title="bbox 215 680 2440 855">
     <span class='ocr_line' id='line_1_2' title="bbox 215 680 2440 855; baseline 0.01 -107"><span class='ocrx_word' id='word_1_6' title='bbox 215 682 417 855; x_wconf 51' lang='lat' dir='ltr'><strong>¹taitl</strong></span> <span class='ocrx_word' id='word_1_7' title='bbox 430 680 769 853; x_wconf 51' lang='lat' dir='ltr'><strong>ffisigius</strong></span> <span class='ocrx_word' id='word_1_8' title='bbox 818 683 889 751; x_wconf 88' lang='lat' dir='ltr'><strong>in</strong></span> <span class='ocrx_word' id='word_1_9' title='bbox 929 706 1171 755; x_wconf 90' lang='lat' dir='ltr'><strong>comm.</strong></span> <span class='ocrx_word' id='word_1_10' title='bbox 1213 710 1306 756; x_wconf 86' lang='lat' dir='ltr'><strong>cr.</strong></span> <span class='ocrx_word' id='word_1_11' title='bbox 1348 687 1439 756; x_wconf 90' lang='lat' dir='ltr'><strong>ad</strong></span> <span class='ocrx_word' id='word_1_12' title='bbox 1504 686 1688 766; x_wconf 84' lang='lat' dir='ltr'><strong>Oed.</strong></span> <span class='ocrx_word' id='word_1_13' title='bbox 1736 688 1883 760; x_wconf 86' lang='lat' dir='ltr'><strong>Col.</strong></span> <span class='ocrx_word' id='word_1_14' title='bbox 1940 692 2111 767; x_wconf 91' lang='grc'><strong>199.</strong></span> <span class='ocrx_word' id='word_1_15' title='bbox 2168 696 2440 776; x_wconf 84' lang='lat' dir='ltr'><strong>Mosch.</strong></span> 
     </span>
    </p>
   </div>
   <div class='ocr_carea' id='block_1_3' title="bbox 207 935 2435 1664">
    <p class='ocr_par' dir='ltr' id='par_1_3' title="bbox 207 935 2435 1664">
     <span class='ocr_line' id='line_1_3' title="bbox 306 935 1270 1036; baseline 0.003 -25"><span class='ocrx_word' id='word_1_16' title='bbox 306 938 416 1034; x_wconf 70' lang='grc' dir='ltr'><strong>τῷ</strong></span> <span class='ocrx_word' id='word_1_17' title='bbox 450 935 524 1013; x_wconf 81' lang='grc' dir='ltr'><strong>δ’</strong></span> <span class='ocrx_word' id='word_1_18' title='bbox 553 935 693 1033; x_wconf 66' lang='grc' dir='ltr'><strong>ἐγώ</strong></span> <span class='ocrx_word' id='word_1_19' title='bbox 723 937 815 1014; x_wconf 77' lang='grc' dir='ltr'><strong>οὐ</strong></span> <span class='ocrx_word' id='word_1_20' title='bbox 844 940 1270 1036; x_wconf 74' lang='grc' dir='ltr'><strong><em>φθονέοιμι.</em></strong></span> 
     </span>
     <span class='ocr_line' id='line_1_4' title="bbox 209 1088 2435 1192; baseline 0.007 -30"><span class='ocrx_word' id='word_1_21' title='bbox 209 1094 322 1162; x_wconf 82' lang='lat' dir='ltr'><strong>nisi</strong></span> <span class='ocrx_word' id='word_1_22' title='bbox 345 1094 468 1164; x_wconf 84' lang='lat' dir='ltr'><strong>ille</strong></span> <span class='ocrx_word' id='word_1_23' title='bbox 498 1095 765 1189; x_wconf 75' lang='lat' dir='ltr'><strong>scripsit</strong></span> <span class='ocrx_word' id='word_1_24' title='bbox 790 1090 967 1169; x_wconf 77' lang='grc' dir='ltr'><strong>οὐδέ</strong></span> <span class='ocrx_word' id='word_1_25' title='bbox 990 1090 1061 1165; x_wconf 80' lang='grc' dir='ltr'><strong>κ’</strong></span> <span class='ocrx_word' id='word_1_26' title='bbox 1092 1088 1233 1187; x_wconf 66' lang='grc' dir='ltr'><strong>ἐγώ</strong></span> <span class='ocrx_word' id='word_1_27' title='bbox 1265 1097 1696 1192; x_wconf 74' lang='grc' dir='ltr'><strong><em>φθονέοιμι.</em></strong></span> <span class='ocrx_word' id='word_1_28' title='bbox 1749 1097 2046 1168; x_wconf 78' lang='lat' dir='ltr'><strong>Theocr·</strong></span> <span class='ocrx_word' id='word_1_29' title='bbox 2071 1100 2286 1171; x_wconf 85' lang='grc' dir='ltr'><strong>ΧΧΠ.</strong></span> <span class='ocrx_word' id='word_1_30' title='bbox 2313 1102 2435 1174; x_wconf 74' lang='grc'><strong>74.</strong></span> 
     </span>
     <span class='ocr_line' id='line_1_5' title="bbox 719 1244 2245 1352; baseline 0.005 -31"><span class='ocrx_word' id='word_1_31' title='bbox 719 1244 847 1350; x_wconf 77' lang='grc' dir='ltr'><strong>οὐκ</strong></span> <span class='ocrx_word' id='word_1_32' title='bbox 876 1245 1065 1344; x_wconf 75' lang='grc' dir='ltr'><em>ἄλλῳ</em></span> <span class='ocrx_word' id='word_1_33' title='bbox 1096 1278 1177 1344; x_wconf 77' lang='grc' dir='ltr'><strong>γι</strong></span> <span class='ocrx_word' id='word_1_34' title='bbox 1203 1252 1769 1347; x_wconf 76' lang='grc' dir='ltr'><strong><em>μαχεσοαίμεσθ</em></strong></span> <span class='ocrx_word' id='word_1_35' title='bbox 1788 1249 1805 1268; x_wconf 84' lang='lat'><em>&#39;</em></span> <span class='ocrx_word' id='word_1_36' title='bbox 1834 1250 1954 1327; x_wconf 77' lang='grc' dir='ltr'><strong>ἐπ’</strong></span> <span class='ocrx_word' id='word_1_37' title='bbox 1982 1249 2245 1352; x_wconf 76' lang='grc' dir='ltr'><strong>α’ἐθλῳ.</strong></span> 
     </span>
     <span class='ocr_line' id='line_1_6' title="bbox 207 1401 637 1474; baseline 0.005 -3"><span class='ocrx_word' id='word_1_38' title='bbox 207 1403 480 1472; x_wconf 84' lang='lat' dir='ltr'><strong>XXVII.</strong></span> <span class='ocrx_word' id='word_1_39' title='bbox 512 1401 637 1474; x_wconf 81' lang='grc'><strong>60.</strong></span> 
     </span>
     <span class='ocr_line' id='line_1_7' title="bbox 297 1550 2425 1664; baseline 0.002 -34"><span class='ocrx_word' id='word_1_40' title='bbox 297 1552 433 1654; x_wconf 78' lang='grc' dir='ltr'><strong>φῄς</strong></span> <span class='ocrx_word' id='word_1_41' title='bbox 460 1585 603 1651; x_wconf 85' lang='grc' dir='ltr'><strong>μοι</strong></span> <span class='ocrx_word' id='word_1_42' title='bbox 631 1550 875 1630; x_wconf 74' lang='grc' dir='ltr'><strong><em>πάντα</em></strong></span> <span class='ocrx_word' id='word_1_43' title='bbox 895 1551 1117 1649; x_wconf 80' lang='grc' dir='ltr'><em>δόμεν</em></span> <span class='ocrx_word' id='word_1_44' title='bbox 1135 1582 1153 1600; x_wconf 89' lang='grc'><em>·</em></span> <span class='ocrx_word' id='word_1_45' title='bbox 1200 1552 1393 1650; x_wconf 80' lang='grc' dir='ltr'><strong>τοῖχα</strong></span> <span class='ocrx_word' id='word_1_46' title='bbox 1425 1555 1497 1632; x_wconf 81' lang='grc' dir='ltr'><strong>δ’</strong></span> <span class='ocrx_word' id='word_1_47' title='bbox 1523 1556 1834 1653; x_wconf 70' lang='grc' dir='ltr'><strong><em>ὕστερον</em></strong></span> <span class='ocrx_word' id='word_1_48' title='bbox 1862 1557 2026 1634; x_wconf 77' lang='grc' dir='ltr'><strong>οὐδ’</strong></span> <span class='ocrx_word' id='word_1_49' title='bbox 2055 1560 2197 1637; x_wconf 79' lang='grc' dir='ltr'><strong>ἅλα</strong></span> <span class='ocrx_word' id='word_1_50' title='bbox 2218 1563 2425 1664; x_wconf 77' lang='grc' dir='ltr'><strong>δοίης.</strong></span> 
     </span>
    </p>
   </div>
   <div class='ocr_carea' id='block_1_4' title="bbox 202 1712 2519 2011">
    <p class='ocr_par' dir='ltr' id='par_1_4' title="bbox 202 1712 2519 2011">
     <span class='ocr_line' id='line_1_8' title="bbox 391 1712 2424 1809; baseline 0.003 -28"><span class='ocrx_word' id='word_1_51' title='bbox 391 1712 540 1797; x_wconf 80' lang='lat' dir='ltr'><strong>Qui</strong></span> <span class='ocrx_word' id='word_1_52' title='bbox 567 1721 794 1782; x_wconf 85' lang='lat' dir='ltr'><strong>autem</strong></span> <span class='ocrx_word' id='word_1_53' title='bbox 826 1713 959 1781; x_wconf 88' lang='lat' dir='ltr'><strong>loci</strong></span> <span class='ocrx_word' id='word_1_54' title='bbox 991 1737 1128 1782; x_wconf 88' lang='lat' dir='ltr'><strong>non</strong></span> <span class='ocrx_word' id='word_1_55' title='bbox 1164 1713 1507 1782; x_wconf 87' lang='lat' dir='ltr'><strong>debebant</strong></span> <span class='ocrx_word' id='word_1_56' title='bbox 1540 1714 1801 1803; x_wconf 80' lang='lat' dir='ltr'><strong>afferri,</strong></span> <span class='ocrx_word' id='word_1_57' title='bbox 1852 1715 1923 1784; x_wconf 91' lang='lat' dir='ltr'><strong>hi</strong></span> <span class='ocrx_word' id='word_1_58' title='bbox 1957 1727 2139 1785; x_wconf 71' lang='lat' dir='ltr'><strong>sunt&#39;:</strong></span> <span class='ocrx_word' id='word_1_59' title='bbox 2197 1719 2424 1809; x_wconf 90' lang='lat' dir='ltr'><strong>primo</strong></span> 
     </span>
     <span class='ocr_line' id='line_1_9' title="bbox 205 1813 2419 1909; baseline 0.005 -29"><span class='ocrx_word' id='word_1_60' title='bbox 205 1813 305 1881; x_wconf 87' lang='lat' dir='ltr'><strong>ubi</strong></span> <span class='ocrx_word' id='word_1_61' title='bbox 335 1818 684 1907; x_wconf 81' lang='lat' dir='ltr'><strong>optativus</strong></span> <span class='ocrx_word' id='word_1_62' title='bbox 721 1818 1010 1908; x_wconf 81' lang='lat' dir='ltr'><strong>optantis</strong></span> <span class='ocrx_word' id='word_1_63' title='bbox 1033 1826 1165 1886; x_wconf 82' lang='lat' dir='ltr'><strong>est:</strong></span> <span class='ocrx_word' id='word_1_64' title='bbox 1205 1818 1429 1909; x_wconf 88' lang='lat' dir='ltr'><strong>Soph.</strong></span> <span class='ocrx_word' id='word_1_65' title='bbox 1462 1818 1566 1886; x_wconf 83' lang='lat' dir='ltr'><strong>Ai.</strong></span> <span class='ocrx_word' id='word_1_66' title='bbox 1595 1816 1772 1892; x_wconf 70' lang='lat'><strong>9⁰4.</strong></span> <span class='ocrx_word' id='word_1_67' title='bbox 1802 1843 1995 1888; x_wconf 89' lang='lat' dir='ltr'><strong>meae</strong></span> <span class='ocrx_word' id='word_1_68' title='bbox 2031 1821 2139 1889; x_wconf 89' lang='lat' dir='ltr'><strong>ed.</strong></span> <span class='ocrx_word' id='word_1_69' title='bbox 2171 1822 2419 1892; x_wconf 87' lang='lat' dir='ltr'><strong>Aesch.</strong></span> 
     </span>
     <span class='ocr_line' id='line_1_10' title="bbox 202 1917 2519 2011; baseline 0.004 -26"><span class='ocrx_word' id='word_1_70' title='bbox 202 1917 323 2011; x_wconf 79' lang='lat' dir='ltr'><strong>Ag.</strong></span> <span class='ocrx_word' id='word_1_71' title='bbox 366 1918 549 1990; x_wconf 81' lang='grc'><strong>225.</strong></span> <span class='ocrx_word' id='word_1_72' title='bbox 653 1919 918 1989; x_wconf 84' lang='lat' dir='ltr'><strong>Deinde</strong></span> <span class='ocrx_word' id='word_1_73' title='bbox 957 1921 1023 1988; x_wconf 89' lang='lat' dir='ltr'><strong>in</strong></span> <span class='ocrx_word' id='word_1_74' title='bbox 1071 1921 1312 2011; x_wconf 79' lang='lat' dir='ltr'><strong>quibus</strong></span> <span class='ocrx_word' id='word_1_75' title='bbox 1355 1921 1447 1994; x_wconf 77' lang='grc' dir='ltr'><strong>ἄν</strong></span> <span class='ocrx_word' id='word_1_76' title='bbox 1485 1922 1731 1991; x_wconf 88' lang='lat' dir='ltr'><strong>idonea</strong></span> <span class='ocrx_word' id='word_1_77' title='bbox 1771 1923 2082 1992; x_wconf 91' lang='lat' dir='ltr'><strong>codicum</strong></span> <span class='ocrx_word' id='word_1_78' title='bbox 2127 1927 2423 1993; x_wconf 53' lang='lat' dir='ltr'><strong>auctoriss</strong></span> <span class='ocrx_word' id='word_1_79' title='bbox 2512 1926 2519 1931; x_wconf 73' lang='grc'><strong><em>’</em></strong></span> 
     </span>
    </p>
   </div>
   <div class='ocr_carea' id='block_1_5' title="bbox 195 2024 2478 2731">
    <p class='ocr_par' dir='ltr' id='par_1_5' title="bbox 195 2024 2478 2731">
     <span class='ocr_line' id='line_1_11' title="bbox 201 2024 2420 2116; baseline 0.004 -29"><span class='ocrx_word' id='word_1_80' title='bbox 201 2030 321 2090; x_wconf 73' lang='lat' dir='ltr'><strong>tate</strong></span> <span class='ocrx_word' id='word_1_81' title='bbox 348 2024 686 2108; x_wconf 79' lang='lat' dir='ltr'><strong>firmatur,</strong></span> <span class='ocrx_word' id='word_1_82' title='bbox 737 2025 908 2092; x_wconf 89' lang='lat' dir='ltr'><strong>utin</strong></span> <span class='ocrx_word' id='word_1_83' title='bbox 939 2025 1107 2094; x_wconf 82' lang='lat' dir='ltr'><strong>Plat.</strong></span> <span class='ocrx_word' id='word_1_84' title='bbox 1134 2025 1426 2093; x_wconf 87' lang='lat' dir='ltr'><strong>Theaet.</strong></span> <span class='ocrx_word' id='word_1_85' title='bbox 1455 2029 1525 2116; x_wconf 77' lang='lat' dir='ltr'><strong>p&#39;.</strong></span> <span class='ocrx_word' id='word_1_86' title='bbox 1564 2024 1730 2094; x_wconf 84' lang='lat'><strong>166.</strong></span> <span class='ocrx_word' id='word_1_87' title='bbox 1761 2027 1845 2094; x_wconf 85' lang='lat' dir='ltr'><strong>A.</strong></span> <span class='ocrx_word' id='word_1_88' title='bbox 1885 2027 2003 2094; x_wconf 86' lang='lat' dir='ltr'><strong>ubi</strong></span> <span class='ocrx_word' id='word_1_89' title='bbox 2035 2026 2187 2095; x_wconf 92' lang='lat' dir='ltr'><strong>cod.</strong></span> <span class='ocrx_word' id='word_1_90' title='bbox 2218 2028 2420 2098; x_wconf 90' lang='lat' dir='ltr'><strong>Bodl.</strong></span> 
     </span>
     <span class='ocr_line' id='line_1_12' title="bbox 201 2127 2416 2220; baseline 0.005 -28"><span class='ocrx_word' id='word_1_91' title='bbox 201 2133 260 2192; x_wconf 85' lang='lat' dir='ltr'><strong>et</strong></span> <span class='ocrx_word' id='word_1_92' title='bbox 286 2137 609 2216; x_wconf 84' lang='lat' dir='ltr'><strong>quattuor</strong></span> <span class='ocrx_word' id='word_1_93' title='bbox 642 2149 726 2195; x_wconf 83' lang='lat' dir='ltr'><strong>ex</strong></span> <span class='ocrx_word' id='word_1_94' title='bbox 763 2128 1092 2196; x_wconf 85' lang='lat' dir='ltr'><strong>tredecim</strong></span> <span class='ocrx_word' id='word_1_95' title='bbox 1131 2127 1437 2196; x_wconf 88' lang='lat' dir='ltr'><strong>Bekkeri</strong></span> <span class='ocrx_word' id='word_1_96' title='bbox 1473 2129 1693 2215; x_wconf 84' lang='lat' dir='ltr'><strong>libris,</strong></span> <span class='ocrx_word' id='word_1_97' title='bbox 1747 2140 1815 2197; x_wconf 91' lang='lat' dir='ltr'><strong>et</strong></span> <span class='ocrx_word' id='word_1_98' title='bbox 1847 2128 2103 2220; x_wconf 81' lang='lat' dir='ltr'><strong>Cratyl.</strong></span> <span class='ocrx_word' id='word_1_99' title='bbox 2133 2130 2304 2200; x_wconf 74' lang='lat'><strong>397.</strong></span> <span class='ocrx_word' id='word_1_100' title='bbox 2332 2135 2416 2204; x_wconf 87' lang='lat' dir='ltr'><strong>A.</strong></span> 
     </span>
     <span class='ocr_line' id='line_1_13' title="bbox 199 2229 2478 2325; baseline 0.005 -31"><span class='ocrx_word' id='word_1_101' title='bbox 199 2229 302 2297; x_wconf 88' lang='lat' dir='ltr'><strong>ubi</strong></span> <span class='ocrx_word' id='word_1_102' title='bbox 329 2230 519 2299; x_wconf 89' lang='lat' dir='ltr'><strong>idem</strong></span> <span class='ocrx_word' id='word_1_103' title='bbox 560 2229 764 2299; x_wconf 90' lang='lat' dir='ltr'><strong>Bodl.</strong></span> <span class='ocrx_word' id='word_1_104' title='bbox 801 2242 869 2299; x_wconf 91' lang='lat' dir='ltr'><strong>et</strong></span> <span class='ocrx_word' id='word_1_105' title='bbox 903 2254 986 2300; x_wconf 82' lang='lat' dir='ltr'><strong>ex</strong></span> <span class='ocrx_word' id='word_1_106' title='bbox 1020 2231 1481 2325; x_wconf 84' lang='lat' dir='ltr'><strong>duodeviginti</strong></span> <span class='ocrx_word' id='word_1_107' title='bbox 1510 2232 1812 2300; x_wconf 89' lang='lat' dir='ltr'><strong>Bekkeri</strong></span> <span class='ocrx_word' id='word_1_108' title='bbox 1852 2233 2033 2301; x_wconf 86' lang='lat' dir='ltr'><strong>libris</strong></span> <span class='ocrx_word' id='word_1_109' title='bbox 2065 2256 2182 2301; x_wconf 83' lang='lat' dir='ltr'><strong>sex</strong></span> <span class='ocrx_word' id='word_1_110' title='bbox 2216 2244 2418 2304; x_wconf 87' lang='lat' dir='ltr'><strong>tuen·</strong></span> <span class='ocrx_word' id='word_1_111' title='bbox 2473 2278 2478 2282; x_wconf 93' lang='lat'><em>-</em></span> 
     </span>
     <span class='ocr_line' id='line_1_14' title="bbox 198 2330 2414 2426; baseline 0.004 -27"><span class='ocrx_word' id='word_1_112' title='bbox 198 2340 293 2399; x_wconf 88' lang='lat' dir='ltr'><strong>tur</strong></span> <span class='ocrx_word' id='word_1_113' title='bbox 318 2331 438 2408; x_wconf 78' lang='grc' dir='ltr'><strong>ἄν.</strong></span> <span class='ocrx_word' id='word_1_114' title='bbox 545 2333 733 2402; x_wconf 86' lang='grc' dir='ltr'>Τιιιιι</span> <span class='ocrx_word' id='word_1_115' title='bbox 768 2335 987 2426; x_wconf 88' lang='lat' dir='ltr'><strong>Soph.</strong></span> <span class='ocrx_word' id='word_1_116' title='bbox 1021 2334 1202 2407; x_wconf 89' lang='lat' dir='ltr'><strong>Oed.</strong></span> <span class='ocrx_word' id='word_1_117' title='bbox 1250 2335 1398 2404; x_wconf 90' lang='lat' dir='ltr'><strong>Col.</strong></span> <span class='ocrx_word' id='word_1_118' title='bbox 1429 2334 1549 2402; x_wconf 82' lang='lat'><strong>42.</strong></span> <span class='ocrx_word' id='word_1_119' title='bbox 1584 2330 1701 2404; x_wconf 89' lang='lat' dir='ltr'><strong>ubi</strong></span> <span class='ocrx_word' id='word_1_120' title='bbox 1729 2336 1885 2404; x_wconf 85' lang='lat' dir='ltr'><strong>vide</strong></span> <span class='ocrx_word' id='word_1_121' title='bbox 1925 2359 2102 2426; x_wconf 89' lang='lat' dir='ltr'><strong>quae</strong></span> <span class='ocrx_word' id='word_1_122' title='bbox 2148 2341 2414 2408; x_wconf 86' lang='lat' dir='ltr'><strong>notavi-</strong></span> 
     </span>
     <span class='ocr_line' id='line_1_15' title="bbox 195 2437 2414 2532; baseline 0.005 -30"><span class='ocrx_word' id='word_1_123' title='bbox 195 2457 345 2507; x_wconf 79' lang='lat' dir='ltr'><strong>mus,</strong></span> <span class='ocrx_word' id='word_1_124' title='bbox 402 2439 628 2506; x_wconf 86' lang='lat' dir='ltr'><strong>Porro</strong></span> <span class='ocrx_word' id='word_1_125' title='bbox 644 2438 994 2532; x_wconf 83' lang='lat' dir='ltr'><strong>Aristoph.</strong></span> <span class='ocrx_word' id='word_1_126' title='bbox 1027 2441 1154 2510; x_wconf 84' lang='lat' dir='ltr'><strong>Av.</strong></span> <span class='ocrx_word' id='word_1_127' title='bbox 1188 2437 1355 2507; x_wconf 82' lang='lat'><strong>180.</strong></span> <span class='ocrx_word' id='word_1_128' title='bbox 1392 2439 1508 2507; x_wconf 88' lang='lat' dir='ltr'><strong>ubi</strong></span> <span class='ocrx_word' id='word_1_129' title='bbox 1541 2439 1973 2508; x_wconf 85' lang='lat' dir='ltr'><strong>scribendum</strong></span> <span class='ocrx_word' id='word_1_130' title='bbox 1994 2439 2262 2509; x_wconf 80' lang='lat' dir='ltr'><strong>videtur</strong></span> <span class='ocrx_word' id='word_1_131' title='bbox 2288 2440 2414 2523; x_wconf 76' lang='grc' dir='ltr'><strong>ὥς·</strong></span> 
     </span>
     <span class='ocr_line' id='line_1_16' title="bbox 195 2539 2416 2638; baseline 0.002 -28"><span class='ocrx_word' id='word_1_132' title='bbox 195 2564 314 2633; x_wconf 76' lang='grc' dir='ltr'><strong>περ</strong></span> <span class='ocrx_word' id='word_1_133' title='bbox 351 2543 525 2638; x_wconf 74' lang='grc' dir='ltr'><strong><em>εἴπῃ</em></strong></span> <span class='ocrx_word' id='word_1_134' title='bbox 557 2568 688 2624; x_wconf 75' lang='grc' dir='ltr'><strong>τις.</strong></span> <span class='ocrx_word' id='word_1_135' title='bbox 793 2541 1009 2637; x_wconf 84' lang='lat' dir='ltr'><strong>Apud</strong></span> <span class='ocrx_word' id='word_1_136' title='bbox 1051 2542 1472 2634; x_wconf 76' lang='lat' dir='ltr'><strong>Aeschylum</strong></span> <span class='ocrx_word' id='word_1_137' title='bbox 1518 2541 1767 2637; x_wconf 89' lang='lat' dir='ltr'><strong>Suppl.</strong></span> <span class='ocrx_word' id='word_1_138' title='bbox 1797 2539 1973 2618; x_wconf 71' lang='lat'><strong>735.</strong></span> <span class='ocrx_word' id='word_1_139' title='bbox 2015 2543 2276 2614; x_wconf 83' lang='lat' dir='ltr'><strong>facilior</strong></span> <span class='ocrx_word' id='word_1_140' title='bbox 2313 2554 2416 2615; x_wconf 86' lang='lat' dir='ltr'><strong>est</strong></span> 
     </span>
     <span class='ocr_line' id='line_1_17' title="bbox 195 2641 1819 2731; baseline 0.003 -18"><span class='ocrx_word' id='word_1_141' title='bbox 195 2642 513 2714; x_wconf 83' lang='lat' dir='ltr'><strong>Erfurdtii</strong></span> <span class='ocrx_word' id='word_1_142' title='bbox 544 2648 929 2717; x_wconf 85' lang='lat' dir='ltr'><strong>coniectura</strong></span> <span class='ocrx_word' id='word_1_143' title='bbox 948 2698 970 2731; x_wconf 88' lang='lat'>‚</span> <span class='ocrx_word' id='word_1_144' title='bbox 1035 2641 1042 2648; x_wconf 73' lang='grc'><strong>’</strong></span> <span class='ocrx_word' id='word_1_145' title='bbox 1808 2658 1819 2666; x_wconf 80' lang='grc'><strong>”</strong></span> 
     </span>
    </p>
   </div>
   <div class='ocr_carea' id='block_1_6' title="bbox 285 2794 1831 2899">
    <p class='ocr_par' dir='ltr' id='par_1_6' title="bbox 285 2794 1831 2899">
     <span class='ocr_line' id='line_1_18' title="bbox 285 2794 1831 2899; baseline 0 -27"><span class='ocrx_word' id='word_1_146' title='bbox 285 2801 452 2882; x_wconf 73' lang='grc' dir='ltr'><strong><em>ἴσως</em></strong></span> <span class='ocrx_word' id='word_1_147' title='bbox 480 2794 622 2899; x_wconf 76' lang='grc' dir='ltr'><strong>γοῖρ</strong></span> <span class='ocrx_word' id='word_1_148' title='bbox 654 2799 747 2872; x_wconf 75' lang='grc' dir='ltr'><strong>ἄν</strong></span> <span class='ocrx_word' id='word_1_149' title='bbox 772 2794 991 2898; x_wconf 71' lang='grc' dir='ltr'><strong><em>κῆρυξ</em></strong></span> <span class='ocrx_word' id='word_1_150' title='bbox 1022 2829 1132 2882; x_wconf 82' lang='grc' dir='ltr'><strong>τις</strong></span> <span class='ocrx_word' id='word_1_151' title='bbox 1159 2797 1205 2899; x_wconf 83' lang='grc' dir='ltr'><em>ἢ</em></span> <span class='ocrx_word' id='word_1_152' title='bbox 1235 2802 1548 2898; x_wconf 76' lang='grc' dir='ltr'><strong><em>πρέσβυς</em></strong></span> <span class='ocrx_word' id='word_1_153' title='bbox 1573 2794 1831 2894; x_wconf 84' lang='grc' dir='ltr'><em>μόλοι·</em></span> 
     </span>
    </p>
   </div>
   <div class='ocr_carea' id='block_1_7' title="bbox 197 2955 2410 3775">
    <p class='ocr_par' dir='ltr' id='par_1_7' title="bbox 197 2955 2410 3775">
     <span class='ocr_line' id='line_1_19' title="bbox 199 2955 2409 3046; baseline 0.002 -24"><span class='ocrx_word' id='word_1_154' title='bbox 199 2976 596 3046; x_wconf 82' lang='lat' dir='ltr'><strong>quamquam</strong></span> <span class='ocrx_word' id='word_1_155' title='bbox 645 2977 788 3033; x_wconf 84' lang='lat' dir='ltr'><strong>non</strong></span> <span class='ocrx_word' id='word_1_156' title='bbox 829 2955 1292 3024; x_wconf 83' lang='lat' dir='ltr'><strong>contenderim</strong></span> <span class='ocrx_word' id='word_1_157' title='bbox 1332 2976 1469 3023; x_wconf 90' lang='lat' dir='ltr'><strong>non</strong></span> <span class='ocrx_word' id='word_1_158' title='bbox 1516 2955 1818 3046; x_wconf 86' lang='lat' dir='ltr'><strong>potuisse</strong></span> <span class='ocrx_word' id='word_1_159' title='bbox 1861 2956 2072 3024; x_wconf 89' lang='lat' dir='ltr'><strong>omitti</strong></span> <span class='ocrx_word' id='word_1_160' title='bbox 2117 2955 2228 3028; x_wconf 78' lang='grc' dir='ltr'><strong>ἄν.</strong></span> <span class='ocrx_word' id='word_1_161' title='bbox 2331 2958 2409 3027; x_wconf 86' lang='grc' dir='ltr'><strong>1η</strong></span> 
     </span>
     <span class='ocr_line' id='line_1_20' title="bbox 197 3054 2410 3152; baseline 0.002 -26"><span class='ocrx_word' id='word_1_162' title='bbox 197 3054 416 3152; x_wconf 87' lang='lat' dir='ltr'><strong>Eurip.</strong></span> <span class='ocrx_word' id='word_1_163' title='bbox 459 3058 738 3127; x_wconf 90' lang='lat' dir='ltr'><strong>Heracl.</strong></span> <span class='ocrx_word' id='word_1_164' title='bbox 782 3056 954 3128; x_wconf 71' lang='lat'><strong>527.</strong></span> <span class='ocrx_word' id='word_1_165' title='bbox 986 3060 1360 3152; x_wconf 80' lang='lat' dir='ltr'><strong>particulae</strong></span> <span class='ocrx_word' id='word_1_166' title='bbox 1393 3058 1470 3131; x_wconf 75' lang='grc' dir='ltr'><strong>δὲ</strong></span> <span class='ocrx_word' id='word_1_167' title='bbox 1510 3056 1630 3128; x_wconf 71' lang='grc' dir='ltr'><strong>καὶ</strong></span> <span class='ocrx_word' id='word_1_168' title='bbox 1670 3057 1951 3150; x_wconf 73' lang='grc' dir='ltr'><strong><em>μᾶλλον</em></strong></span> <span class='ocrx_word' id='word_1_169' title='bbox 1980 3061 2274 3146; x_wconf 86' lang='lat' dir='ltr'><strong>faciunt,</strong></span> <span class='ocrx_word' id='word_1_170' title='bbox 2334 3072 2410 3130; x_wconf 90' lang='lat' dir='ltr'><strong>ut</strong></span> 
     </span>
     <span class='ocr_line' id='line_1_21' title="bbox 198 3160 2405 3257; baseline 0.001 -28"><span class='ocrx_word' id='word_1_171' title='bbox 198 3182 311 3229; x_wconf 88' lang='lat' dir='ltr'><strong>uon</strong></span> <span class='ocrx_word' id='word_1_172' title='bbox 344 3161 547 3230; x_wconf 84' lang='lat' dir='ltr'><strong>valde</strong></span> <span class='ocrx_word' id='word_1_173' title='bbox 579 3161 992 3230; x_wconf 88' lang='lat' dir='ltr'><strong>laudandum</strong></span> <span class='ocrx_word' id='word_1_174' title='bbox 1025 3173 1265 3255; x_wconf 89' lang='lat' dir='ltr'><strong>putem</strong></span> <span class='ocrx_word' id='word_1_175' title='bbox 1303 3160 1767 3253; x_wconf 77' lang='lat' dir='ltr'><strong>scaligerum,</strong></span> <span class='ocrx_word' id='word_1_176' title='bbox 1821 3161 1935 3250; x_wconf 89' lang='lat' dir='ltr'><strong>qui</strong></span> <span class='ocrx_word' id='word_1_177' title='bbox 1980 3164 2244 3257; x_wconf 78' lang='grc' dir='ltr'><strong><em>πρέποι</em></strong></span> <span class='ocrx_word' id='word_1_178' title='bbox 2272 3187 2405 3254; x_wconf 90' lang='lat' dir='ltr'><strong>pro</strong></span> 
     </span>
     <span class='ocr_line' id='line_1_22' title="bbox 197 3261 2401 3358; baseline 0.001 -25"><span class='ocrx_word' id='word_1_179' title='bbox 197 3267 436 3358; x_wconf 78' lang='grc' dir='ltr'><strong><em>πρέπει</em></strong></span> <span class='ocrx_word' id='word_1_180' title='bbox 496 3266 931 3335; x_wconf 86' lang='lat' dir='ltr'><strong>scribendum</strong></span> <span class='ocrx_word' id='word_1_181' title='bbox 988 3267 1404 3338; x_wconf 83' lang='lat' dir='ltr'><strong>iudicaverit.</strong></span> <span class='ocrx_word' id='word_1_182' title='bbox 1509 3265 1617 3332; x_wconf 88' lang='lat' dir='ltr'><strong>De</strong></span> <span class='ocrx_word' id='word_1_183' title='bbox 1675 3261 1893 3357; x_wconf 88' lang='lat' dir='ltr'><strong>Soph.</strong></span> <span class='ocrx_word' id='word_1_184' title='bbox 1949 3267 2178 3357; x_wconf 82' lang='lat' dir='ltr'><strong>Antig.</strong></span> <span class='ocrx_word' id='word_1_185' title='bbox 2228 3266 2401 3335; x_wconf 87' lang='grc'><strong>912.</strong></span> 
     </span>
     <span class='ocr_line' id='line_1_23' title="bbox 197 3361 2402 3458; baseline 0.002 -24"><span class='ocrx_word' id='word_1_186' title='bbox 197 3367 330 3436; x_wconf 82' lang='lat' dir='ltr'><strong>vide</strong></span> <span class='ocrx_word' id='word_1_187' title='bbox 357 3392 536 3458; x_wconf 89' lang='lat' dir='ltr'><strong>quae</strong></span> <span class='ocrx_word' id='word_1_188' title='bbox 568 3369 887 3439; x_wconf 80' lang='lat' dir='ltr'><strong>adnotavi</strong></span> <span class='ocrx_word' id='word_1_189' title='bbox 918 3369 1009 3438; x_wconf 88' lang='lat' dir='ltr'><strong>ad</strong></span> <span class='ocrx_word' id='word_1_190' title='bbox 1035 3395 1189 3439; x_wconf 89' lang='lat' dir='ltr'><strong>eum</strong></span> <span class='ocrx_word' id='word_1_191' title='bbox 1223 3371 1452 3438; x_wconf 89' lang='lat' dir='ltr'><strong>locum</strong></span> <span class='ocrx_word' id='word_1_192' title='bbox 1483 3392 1547 3438; x_wconf 78' lang='lat' dir='ltr'><strong>v.</strong></span> <span class='ocrx_word' id='word_1_193' title='bbox 1584 3361 1760 3434; x_wconf 73' lang='lat'><strong>9⁰3.</strong></span> <span class='ocrx_word' id='word_1_194' title='bbox 1794 3389 1986 3435; x_wconf 86' lang='lat' dir='ltr'><strong>meae</strong></span> <span class='ocrx_word' id='word_1_195' title='bbox 2022 3369 2131 3436; x_wconf 93' lang='lat' dir='ltr'><strong>ed.</strong></span> <span class='ocrx_word' id='word_1_196' title='bbox 2189 3370 2402 3438; x_wconf 89' lang='lat' dir='ltr'><strong>Deni-</strong></span> 
     </span>
     <span class='ocr_line' id='line_1_24' title="bbox 198 3469 2402 3565; baseline 0.002 -28"><span class='ocrx_word' id='word_1_197' title='bbox 198 3490 309 3558; x_wconf 85' lang='lat' dir='ltr'><strong>que</strong></span> <span class='ocrx_word' id='word_1_198' title='bbox 335 3472 503 3541; x_wconf 87' lang='lat' dir='ltr'><strong>illud</strong></span> <span class='ocrx_word' id='word_1_199' title='bbox 540 3474 738 3543; x_wconf 84' lang='lat' dir='ltr'><strong>valde</strong></span> <span class='ocrx_word' id='word_1_200' title='bbox 774 3475 1017 3561; x_wconf 82' lang='lat' dir='ltr'><strong>miror,</strong></span> <span class='ocrx_word' id='word_1_201' title='bbox 1069 3474 1259 3565; x_wconf 88' lang='lat' dir='ltr'><strong>quod</strong></span> <span class='ocrx_word' id='word_1_202' title='bbox 1290 3498 1361 3564; x_wconf 89' lang='lat' dir='ltr'><strong>p.</strong></span> <span class='ocrx_word' id='word_1_203' title='bbox 1406 3470 1580 3540; x_wconf 78' lang='lat'><strong>134.</strong></span> <span class='ocrx_word' id='word_1_204' title='bbox 1619 3493 1661 3537; x_wconf 85' lang='lat' dir='ltr'><strong>a</strong></span> <span class='ocrx_word' id='word_1_205' title='bbox 1694 3469 2071 3539; x_wconf 86' lang='lat' dir='ltr'><strong>Schaefero</strong></span> <span class='ocrx_word' id='word_1_206' title='bbox 2100 3472 2167 3538; x_wconf 92' lang='lat' dir='ltr'><strong>in</strong></span> <span class='ocrx_word' id='word_1_207' title='bbox 2212 3497 2402 3541; x_wconf 89' lang='lat' dir='ltr'><strong>erro-</strong></span> 
     </span>
     <span class='ocr_line' id='line_1_25' title="bbox 197 3573 2404 3670; baseline 0.002 -29"><span class='ocrx_word' id='word_1_208' title='bbox 197 3594 320 3642; x_wconf 86' lang='lat' dir='ltr'><strong>rem</strong></span> <span class='ocrx_word' id='word_1_209' title='bbox 346 3576 596 3646; x_wconf 85' lang='lat' dir='ltr'><strong>abduci</strong></span> <span class='ocrx_word' id='word_1_210' title='bbox 629 3601 702 3646; x_wconf 84' lang='lat' dir='ltr'><strong>se</strong></span> <span class='ocrx_word' id='word_1_211' title='bbox 729 3602 964 3670; x_wconf 84' lang='lat' dir='ltr'><strong>passus</strong></span> <span class='ocrx_word' id='word_1_212' title='bbox 988 3580 1089 3646; x_wconf 82' lang='lat' dir='ltr'><strong>est</strong></span> <span class='ocrx_word' id='word_1_213' title='bbox 1117 3578 1473 3670; x_wconf 84' lang='lat' dir='ltr'><strong>Reisigius.</strong></span> <span class='ocrx_word' id='word_1_214' title='bbox 1560 3575 1739 3641; x_wconf 85' lang='lat' dir='ltr'><strong>Nam</strong></span> <span class='ocrx_word' id='word_1_215' title='bbox 1769 3573 1957 3663; x_wconf 88' lang='lat' dir='ltr'><strong>quod</strong></span> <span class='ocrx_word' id='word_1_216' title='bbox 1992 3575 2103 3642; x_wconf 91' lang='lat' dir='ltr'><strong>ille</strong></span> <span class='ocrx_word' id='word_1_217' title='bbox 2140 3577 2231 3644; x_wconf 88' lang='lat' dir='ltr'><strong>ad</strong></span> <span class='ocrx_word' id='word_1_218' title='bbox 2261 3577 2404 3646; x_wconf 92' lang='lat' dir='ltr'><strong>Po-</strong></span> 
     </span>
     <span class='ocr_line' id='line_1_26' title="bbox 198 3675 2211 3775; baseline 0.001 -30"><span class='ocrx_word' id='word_1_219' title='bbox 198 3677 429 3772; x_wconf 79' lang='lat' dir='ltr'><strong>sidippi</strong></span> <span class='ocrx_word' id='word_1_220' title='bbox 453 3703 723 3750; x_wconf 81' lang='lat' dir='ltr'><strong>versum</strong></span> <span class='ocrx_word' id='word_1_221' title='bbox 750 3683 818 3749; x_wconf 91' lang='lat' dir='ltr'><strong>in</strong></span> <span class='ocrx_word' id='word_1_222' title='bbox 846 3682 1047 3750; x_wconf 86' lang='lat' dir='ltr'><strong>Poesi</strong></span> <span class='ocrx_word' id='word_1_223' title='bbox 1077 3704 1306 3775; x_wconf 83' lang='lat' dir='ltr'><strong>gnom.</strong></span> <span class='ocrx_word' id='word_1_224' title='bbox 1338 3703 1410 3772; x_wconf 91' lang='lat' dir='ltr'><strong>p.</strong></span> <span class='ocrx_word' id='word_1_225' title='bbox 1442 3675 1839 3763; x_wconf 54' lang='lat' dir='ltr'><strong>loadicit,</strong></span> <span class='ocrx_word' id='word_1_226' title='bbox 1890 3678 1960 3745; x_wconf 90' lang='lat' dir='ltr'><strong>in</strong></span> <span class='ocrx_word' id='word_1_227' title='bbox 1990 3680 2211 3759; x_wconf 76' lang='lat' dir='ltr'><strong>verbis</strong></span> 
     </span>
    </p>
   </div>
   <div class='ocr_carea' id='block_1_8' title="bbox 193 3828 2401 4344">
    <p class='ocr_par' dir='ltr' id='par_1_8' title="bbox 193 3828 2401 4180">
     <span class='ocr_line' id='line_1_27' title="bbox 279 3828 1534 3932; baseline 0.003 -29"><span class='ocrx_word' id='word_1_228' title='bbox 279 3833 493 3931; x_wconf 81' lang='grc' dir='ltr'><strong><em>ποίην</em></strong></span> <span class='ocrx_word' id='word_1_229' title='bbox 522 3862 638 3915; x_wconf 74' lang='grc' dir='ltr'><strong>τις</strong></span> <span class='ocrx_word' id='word_1_230' title='bbox 674 3828 970 3928; x_wconf 81' lang='grc' dir='ltr'><strong><em>βιότοιο</em></strong></span> <span class='ocrx_word' id='word_1_231' title='bbox 1001 3828 1201 3932; x_wconf 75' lang='grc' dir='ltr'><strong>τάμῃ</strong></span> <span class='ocrx_word' id='word_1_232' title='bbox 1236 3833 1534 3931; x_wconf 75' lang='grc' dir='ltr'><strong><em>τρίβον,</em></strong></span> 
     </span>
     <span class='ocr_line' id='line_1_28' title="bbox 196 3984 2401 4081; baseline 0.003 -29"><span class='ocrx_word' id='word_1_233' title='bbox 196 3995 256 4052; x_wconf 89' lang='lat' dir='ltr'><strong>ut</strong></span> <span class='ocrx_word' id='word_1_234' title='bbox 280 4010 359 4055; x_wconf 82' lang='lat' dir='ltr'><strong>ex</strong></span> <span class='ocrx_word' id='word_1_235' title='bbox 388 3989 538 4061; x_wconf 92' lang='lat' dir='ltr'><strong>cod.</strong></span> <span class='ocrx_word' id='word_1_236' title='bbox 588 3989 801 4058; x_wconf 88' lang='lat' dir='ltr'><strong>edidit</strong></span> <span class='ocrx_word' id='word_1_237' title='bbox 834 3988 1238 4076; x_wconf 77' lang='lat' dir='ltr'><strong>BrunckiuS,</strong></span> <span class='ocrx_word' id='word_1_238' title='bbox 1290 3988 1666 4081; x_wconf 84' lang='lat' dir='ltr'><strong>optativum</strong></span> <span class='ocrx_word' id='word_1_239' title='bbox 1703 3984 1979 4053; x_wconf 82' lang='lat' dir='ltr'><strong>defendi</strong></span> <span class='ocrx_word' id='word_1_240' title='bbox 2021 3984 2401 4058; x_wconf 86' lang='lat' dir='ltr'><strong>Metrodori</strong></span> 
     </span>
     <span class='ocr_line' id='line_1_29' title="bbox 193 4091 484 4180; baseline 0.007 -2"><span class='ocrx_word' id='word_1_241' title='bbox 193 4091 484 4180; x_wconf 66' lang='lat' dir='ltr'>Woffiflv</span> 
     </span>
    </p>

    <p class='ocr_par' dir='ltr' id='par_1_9' title="bbox 281 4238 1581 4344">
     <span class='ocr_line' id='line_1_30' title="bbox 281 4238 1581 4344; baseline 0.002 -28"><span class='ocrx_word' id='word_1_242' title='bbox 281 4246 628 4343; x_wconf 79' lang='grc' dir='ltr'><strong><em>παντοίην</em></strong></span> <span class='ocrx_word' id='word_1_243' title='bbox 660 4238 957 4338; x_wconf 80' lang='grc' dir='ltr'><strong><em>βιότοιο</em></strong></span> <span class='ocrx_word' id='word_1_244' title='bbox 992 4239 1256 4340; x_wconf 76' lang='grc' dir='ltr'><strong><em>τάμοις</em></strong></span> <span class='ocrx_word' id='word_1_245' title='bbox 1286 4244 1581 4344; x_wconf 77' lang='grc' dir='ltr'><strong><em>τρίβον,</em></strong></span> 
     </span>
    </p>
   </div>
   <div class='ocr_carea' id='block_1_9' title="bbox 193 4395 2396 4591">
    <p class='ocr_par' dir='ltr' id='par_1_10' title="bbox 193 4395 2396 4591">
     <span class='ocr_line' id='line_1_31' title="bbox 195 4395 2396 4493; baseline -0 -29"><span class='ocrx_word' id='word_1_246' title='bbox 195 4417 598 4493; x_wconf 87' lang='lat' dir='ltr'><strong>nequaquam</strong></span> <span class='ocrx_word' id='word_1_247' title='bbox 628 4401 865 4471; x_wconf 81' lang='lat' dir='ltr'><strong>verum</strong></span> <span class='ocrx_word' id='word_1_248' title='bbox 900 4411 1020 4470; x_wconf 84' lang='lat' dir='ltr'><strong>est.</strong></span> <span class='ocrx_word' id='word_1_249' title='bbox 1123 4400 1575 4493; x_wconf 88' lang='lat' dir='ltr'><strong>Posidippum</strong></span> <span class='ocrx_word' id='word_1_250' title='bbox 1601 4398 1778 4467; x_wconf 88' lang='lat' dir='ltr'><strong>enim</strong></span> <span class='ocrx_word' id='word_1_251' title='bbox 1794 4447 1816 4485; x_wconf 90' lang='lat'><strong>,</strong></span> <span class='ocrx_word' id='word_1_252' title='bbox 1870 4408 1947 4466; x_wconf 89' lang='lat' dir='ltr'><strong>ut</strong></span> <span class='ocrx_word' id='word_1_253' title='bbox 1984 4397 2100 4487; x_wconf 88' lang='lat' dir='ltr'><strong>qui</strong></span> <span class='ocrx_word' id='word_1_254' title='bbox 2133 4395 2396 4464; x_wconf 88' lang='lat' dir='ltr'><strong>delibe-</strong></span> 
     </span>
     <span class='ocr_line' id='line_1_32' title="bbox 193 4501 2394 4591; baseline -0.001 -23"><span class='ocrx_word' id='word_1_255' title='bbox 193 4515 380 4591; x_wconf 84' lang='lat' dir='ltr'><strong>raret,</strong></span> <span class='ocrx_word' id='word_1_256' title='bbox 445 4507 869 4577; x_wconf 82' lang='lat' dir='ltr'><strong>coniunctivo</strong></span> <span class='ocrx_word' id='word_1_257' title='bbox 928 4507 1022 4573; x_wconf 89' lang='lat' dir='ltr'><strong>uti</strong></span> <span class='ocrx_word' id='word_1_258' title='bbox 1078 4529 1354 4575; x_wconf 80' lang='lat' dir='ltr'><strong>necesse</strong></span> <span class='ocrx_word' id='word_1_259' title='bbox 1401 4515 1584 4587; x_wconf 85' lang='lat' dir='ltr'><strong>erat3</strong></span> <span class='ocrx_word' id='word_1_260' title='bbox 1650 4501 2089 4571; x_wconf 84' lang='lat' dir='ltr'><strong>Metrodorus</strong></span> <span class='ocrx_word' id='word_1_261' title='bbox 2150 4508 2394 4584; x_wconf 81' lang='lat' dir='ltr'><strong>autem,</strong></span> 
     </span>
    </p>
   </div>
   <div class='ocr_carea' id='block_1_10' title="bbox 1821 4617 1974 4689">
    <p class='ocr_par' dir='ltr' id='par_1_11' title="bbox 1821 4617 1974 4689">
     <span class='ocr_line' id='line_1_33' title="bbox 1821 4617 1974 4689; baseline -0.026 0"><span class='ocrx_word' id='word_1_262' title='bbox 1821 4617 1974 4689; x_wconf 79' lang='lat' dir='ltr'><strong>Lz</strong></span> 
     </span>
    </p>
   </div>
   <div class='ocr_carea' id='block_1_11' title="bbox 3213 3443 3217 4384">
    <p class='ocr_par' dir='ltr' id='par_1_12' title="bbox 3213 3443 3217 4384">
     <span class='ocr_line' id='line_1_34' title="bbox 3213 3443 3217 4384; baseline 0 0"><span class='ocrx_word' id='word_1_263' title='bbox 3213 3443 3217 4384; x_wconf 95' lang='lat' dir='ltr'><strong> </strong></span> 
     </span>
    </p>
   </div>
  </div>
 </body>
</html>
