3259 5275
799 544 961 608 clm
1528 538 1645 600 DE
1717 535 2266 600 PARTIGVLA
2306 531 2401 603 ἄν

834 741 983 801 ctae
1023 726 1366 801 notatione
1409 737 1673 818 carent,
1723 728 1812 797 ad
1858 727 2027 797 illud
2065 729 2442 821 praecipue
2474 737 2742 821 tempus
2786 726 3054 798 trahan-

831 844 943 904 tur
958 883 980 920 ‚
1033 830 1223 924 quod
1262 841 1501 901 natura
1532 856 1651 900 sua
1692 856 1802 901 res
1832 855 1967 900 non
1998 832 2209 900 factas
2247 833 2717 926 complectitur
2733 884 2755 920 ‚
2807 834 2829 900 i
2885 856 2945 903 e.
2978 832 3059 901 ad

834 939 1155 1007 futurum.
1258 936 1363 1004 lta
1405 936 1664 1005 factum
1708 945 1845 1026 est,
1890 945 1966 1004 ut
2011 937 2350 1029 optativus
2396 959 2553 1004 cum
2596 937 2933 1028 particula
2979 936 3061 1008 ἂν

834 1040 1257 1111 consociatus
1286 1040 1491 1109 futuri
1520 1040 2081 1134 significationem
2113 1040 2371 1109 habere
2405 1041 2840 1110 existimetur.
2925 1040 3063 1110 Sed

831 1145 972 1214 hoc
1012 1165 1286 1234 quoque
1333 1146 1431 1212 ita
1465 1152 1567 1213 est
1612 1151 2116 1236 comparatum,
2167 1153 2243 1212 ut
2278 1144 2504 1235 ipsum
2544 1144 2853 1212 futurum
2893 1153 3063 1213 tem-

833 1271 969 1341 pus
998 1270 1143 1315 rem
1171 1257 1246 1314 ut
1273 1259 1526 1317 certam
1556 1248 1903 1334 enunciet,
1955 1247 2292 1340 optativus
2337 1257 2406 1315 et
2442 1246 2545 1333 ἄν
2585 1258 2815 1317 autem
2842 1258 2923 1317 ut
2966 1258 3063 1317 ta-

834 1354 1005 1437 lem,
1057 1373 1233 1441 quae
1273 1350 1579 1421 videatur
1620 1352 1848 1420 futura
1893 1373 2077 1437 esse,
2140 1350 2196 1418 si
2237 1351 2597 1444 impleatur
2642 1351 2758 1420 illa
2804 1375 2895 1422 ex
2939 1375 3065 1443 qua

833 1454 1093 1549 pendet
1118 1453 1435 1528 conditio.
1534 1456 1638 1524 lta
1665 1454 1989 1524 differunt
2018 1454 2229 1524 haec:

1046 1605 1098 1679 ὁὶ
1151 1610 1267 1680 δεῖ
1305 1609 1655 1701 γενέσθαι
1679 1663 1706 1697 ,
1758 1606 2001 1680 ταῦτα
2053 1606 2175 1679 καὶ
2227 1599 2629 1703 γενήσεται.

1049 1706 1096 1784 ὅ
1147 1738 1226 1783 τι
1274 1739 1393 1784 τοι
1446 1704 1822 1809 μόρσιμόν
1876 1716 2111 1800 ἐστιν,
2162 1704 2256 1783 *to*
2307 1706 2580 1803 γένοιτ’
2633 1704 2747 1781 ἄν.

837 1864 1045 1934 Attici
1073 1862 1353 1954 quidem
1367 1911 1388 1947 ‚
1440 1864 1559 1954 qui
1595 1873 1824 1932 amant
1856 1862 2083 1930 omnia
2131 1862 2541 1932 dubitantius
2581 1862 2814 1930 dicere
2829 1909 2852 1948 ‚
2904 1884 3066 1954 prae

838 1969 1122 2037 caeteris
1155 1967 1296 2036 hoc
1326 1969 1608 2059 optativi
1640 1990 1768 2036 usu
1796 1965 2234 2035 delectantur.
2316 1966 2455 2050 Qui
2481 1966 2534 2035 si
2563 1988 3065 2056 nonnumquam

837 2073 1042 2141 etiam
1071 2093 1283 2161 quum
1327 2070 1492 2161 quid
1539 2071 1904 2140 certissime
1941 2070 2242 2138 futurum
2275 2068 2503 2138 dicere
2545 2070 2817 2157 volunt,
2872 2077 3066 2161 opta-

838 2177 1049 2243 tivum
1082 2174 1471 2267 praeferunt
1485 2227 1506 2262 ‚
1558 2197 1697 2244 non
1723 2184 1823 2243 est
1858 2197 1939 2242 ea
1976 2173 2390 2266 negligentia
2419 2172 2861 2241 existimanda
2875 2226 2897 2264 ‚
2950 2171 3069 2241 sed

837 2279 1063 2370 figura
1114 2280 1316 2346 etiam
1359 2279 1501 2346 aliis
1540 2279 1609 2346 in
1658 2276 1926 2346 dicendi
1975 2277 2339 2369 generibus
2392 2276 2854 2362 usitatissima,
2936 2299 3070 2366 qua

838 2381 1049 2449 verba
1083 2380 1510 2449 dubitationis
1546 2382 1771 2474 plena,
1813 2381 2257 2473 pronunciata
2286 2379 2792 2473 significantius,
2835 2378 3066 2449 fortius

839 2494 1242 2557 asseverant.

1044 2586 1181 2655 Hic
1215 2608 1380 2656 vero
1415 2584 1695 2679 optativi
1728 2608 1884 2656 cum
1913 2584 2246 2679 particula
2276 2582 2329 2656 οἳ
2332 2613 2370 2659 ν
2401 2584 2738 2654 coniuncti
2768 2608 2931 2655 usus
2963 2585 3072 2656 vel

839 2713 971 2783 per
998 2713 1072 2759 se
1103 2690 1252 2782 ipse
1282 2689 1546 2782 prodit,
1599 2712 1721 2758 cur
1752 2690 1942 2758 haud
1975 2689 2175 2757 facile
2207 2688 2392 2778 quis,
2443 2698 2520 2757 ut
2547 2688 2775 2758 futura
2799 2690 3070 2776 indicet,

839 2795 1042 2863 futuri
1083 2795 1167 2862 sit
1211 2795 1509 2884 optativo
1556 2816 1814 2861 usurus.
1922 2793 2156 2877 Quum
2204 2792 2382 2860 enim
2430 2793 2566 2860 iam
2609 2788 2930 2887 γίγνοιτ’
2982 2793 3071 2865 ἂν

840 2904 911 2966 et
950 2892 1228 2990 γένοιτ’
1255 2895 1346 2969 ἄν
1379 2896 1469 2964 ad
1508 2919 1616 2965 res
1651 2896 1909 2964 futuras
1951 2897 2363 2980 referantur,
2416 2895 2586 2985 quid
2622 2919 2797 2990 opus
2824 2906 2928 2964 est
2968 2896 3072 2964 di-

841 3023 999 3069 cere
1036 2992 1373 3095 γενήσοιτ
1388 2995 1588 3071 ’ἄνῖ
1640 3000 1826 3084 Quin
1863 2999 1916 3068 si
1950 3001 2099 3090 quis
2132 3000 2224 3067 ita
2253 3000 2679 3089 loqueretur,
2732 2999 3073 3070 videretur

840 3104 955 3172 ille
1019 3103 1401 3193 praesentia
1454 3126 1536 3170 ac
1595 3104 1962 3194 praeterita
2013 3101 2402 3176 excludere.
2521 3101 2607 3171 ld
2660 3126 2828 3172 vero
2845 3152 2867 3190 ‚
2951 3103 3072 3173 nisi

841 3206 1179 3298 quaedam
1210 3205 1427 3300 plane
1452 3208 1803 3300 singularis
1835 3208 2004 3275 ratio
2041 3206 2192 3275 fieri
2219 3206 2487 3294 iubeat,
2537 3228 2625 3275 ne
2678 3215 2870 3276 recte
2918 3208 3072 3298 qui-

842 3311 1000 3380 dem
1045 3310 1271 3378 faciat.
1374 3311 1554 3379 Nam
1597 3332 1773 3401 quae
1814 3310 2044 3379 futuro
2094 3310 2321 3400 aliquo
2353 3319 2667 3402 tempore
2713 3310 2866 3380 fieri
2906 3332 3071 3403 pos-

841 3424 1026 3502 sunt,
1079 3414 1280 3483 etiam
1305 3436 1484 3481 nunc
1514 3423 1802 3507 possunt
1826 3414 2006 3501 fieri,
2062 3422 2133 3481 et
2167 3422 2319 3481 ante
2345 3414 2529 3481 facta
2562 3437 2732 3484 esse.
2842 3414 3071 3500 Quare

841 3517 954 3585 vix
983 3527 1155 3610 puto
1188 3518 1499 3608 exempla
1539 3518 1710 3586 illius
1748 3517 2251 3586 constructionis
2272 3564 2294 3600 ‚
2345 3539 2524 3607 quae
2566 3539 2708 3586 non
2743 3517 3072 3587 mendosa

842 3621 974 3688 sint
988 3673 1009 3708 ‚
1070 3621 1412 3688 inventum
1467 3620 1564 3688 iri.
1670 3619 1882 3713 Apud
1939 3618 2467 3713 Aristophanem
2529 3620 2808 3712 quidem
2862 3622 3068 3714 vesp.

841 3721 1067 3798 1⁰94.
1098 3732 1284 3793 recte
1313 3724 1446 3791 iam
1473 3724 1755 3816 legitur:

1046 3872 1134 3948 οὐ
1184 3870 1325 3972 γάρ
1368 3871 1457 3970 ἦν
1511 3873 1686 3970 ημῖν
1738 3872 1927 3954 ὅπως
1994 3951 2001 3956 ,

1047 3979 1257 4077 ῥῆσιν
1311 3973 1394 4051 εὖ
1445 3979 1668 4061 λέξειν
1722 3979 2116 4071 ἐμέλλομεν
2168 3968 2339 4047 τότ
2351 4032 2381 4068 ,
2436 3973 2609 4051 οὐδὲ

1048 4074 1624 4204 συκοφαντήσειν
1676 4072 1853 4153 τινοῖ

1046 4176 1388 4279 φρόντις,
1446 4178 1611 4256 οἱλλ
1667 4181 1855 4264 dene
1908 4182 2153 4279 ἐρέτης
2202 4180 2301 4254 ἕ-

1042 4311 1208 4359 coer
1290 4282 1611 4383 ἄριστος,

833 4459 965 4533 pro
995 4429 1079 4518 Sc
1107 4435 1229 4527 ἅν,
1285 4459 1367 4506 ex
1398 4436 1584 4505 libris
1616 4438 1788 4508 Rav.
1825 4447 1895 4505 et
1923 4436 2095 4510 Ven.
2130 4437 2246 4527 qui
2275 4434 2463 4519 ὅστις
2492 4436 2585 4510 ἄν
2620 4435 2855 4510 habet.
2932 4436 3066 4506 Mi-

832 4563 985 4612 rum
1022 4563 1186 4612 vero
1233 4540 1423 4636 apud
1463 4540 1867 4636 Lycurgum
1903 4535 1979 4638 §.
2030 4537 2153 4610 15.
2193 4563 2269 4633 p.
2312 4539 2483 4612 149.
2533 4540 2771 4612 Reisk.
2819 4541 3065 4611 nullum
