3259 5275
694 482 783 546 ω
1002 423 1011 436 ¹
1380 475 1496 537 DE
1571 474 2116 538 PARTlchA
2165 471 2244 539 ἄν

621 651 625 655 ’
698 691 910 762 quum
944 669 1144 738 multi
1162 720 1185 757 ,
1246 666 1438 758 quod
1472 666 1882 758 plerumque
1926 668 2078 738 fieri
2120 666 2458 756 viderent,
2510 667 2763 760 ubique
2814 668 2924 738 fa-

698 773 1014 843 ciendum
1059 772 1267 841 fuisse
1318 771 1787 841 existimarent.
1891 772 2050 858 Qua
2094 772 2411 864 opinione
2456 771 2622 841 nihil
2667 773 2736 841 in
2778 783 2925 843 arte

698 879 931 952 critica
978 875 1261 969 cogitari
1295 883 1523 968 potest
1550 876 2008 968 perniciosius.
2115 874 2604 962 Quaerendum
2646 884 2746 945 est
2785 900 2923 969 po-
3033 889 3040 894 “

697 984 828 1051 tius
844 1031 866 1069 ,
916 988 1141 1049 utrum
1184 979 1350 1069 quid
1380 980 1788 1063 necessario,
1840 1002 1927 1048 an
1958 1002 2085 1048 usu
2114 980 2416 1070 quodam
2445 988 2515 1048 et
2557 991 2926 1049 consuetu-

697 1085 854 1155 dine
869 1085 1008 1172 fiat,
1046 1085 1457 1173 omninoque
1477 1105 1751 1153 caussae
1763 1084 1951 1176 prius
1969 1093 2119 1153 sunt
2144 1083 2677 1177 investigandae,
2714 1107 2924 1175 quam

695 1189 976 1283 regulae
1003 1187 1532 1261 constituendae.
1638 1187 1734 1256 Et
1755 1188 1891 1256 hac
1921 1187 2199 1277 quidem
2225 1189 2299 1256 in
2327 1211 2402 1256 re
2416 1239 2435 1275 ,
2479 1188 2546 1254 in
2577 1210 2713 1278 qua
2745 1210 2924 1257 nunc

699 1295 1077 1379 versamur,
1128 1291 1296 1359 illud
1321 1300 1476 1360 ante
1504 1291 1732 1360 omnia
1769 1290 2136 1361 videndum
2177 1301 2282 1361 est
2297 1342 2317 1378 ,
2370 1290 2533 1382 quid
2563 1291 2677 1369 sit,
2733 1291 2924 1380 quod

546 1435 555 1442 -
698 1397 981 1466 dicimus
1009 1396 1226 1465 omitti
1252 1396 1672 1489 particulam.
1746 1395 1980 1464 Potest
2010 1396 2190 1465 enim
2230 1394 2586 1487 dupliciter
2617 1396 2921 1487 intelligi.

695 1502 877 1569 Nam
914 1509 1032 1568 aut
1073 1499 1241 1568 nihil
1282 1500 1528 1568 mutari
1565 1499 1960 1568 sententiam
2002 1509 2316 1592 putamus
2361 1499 2663 1568 detracta
2700 1499 2923 1590 parti-

654 1605 869 1691 schla,
913 1604 1296 1672 autmutari
1327 1602 1626 1694 quadam
1652 1602 1931 1675 ratione.
2005 1603 2269 1689 Quodsi
2296 1603 2462 1672 nihil
2487 1604 2734 1671 mutari
2761 1626 2923 1671 sen-

626 1729 635 1740 ·
693 1709 972 1777 tentiam
1015 1708 1350 1793 volemus,
1400 1714 1587 1775 recte
1644 1705 1920 1796 quidem
1978 1704 2336 1796 loquemur
2350 1758 2371 1796 ,
2440 1728 2650 1796 quum
2705 1707 2926 1775 omitti

693 1811 1096 1904 particulam
1137 1809 1437 1877 dicemus
1455 1858 1476 1897 ,
1530 1808 1655 1877 sed
1702 1809 2190 1879 committemus
2237 1820 2466 1878 tamen
2492 1809 2746 1899 aliquid
2793 1811 2923 1878 ab-

695 1914 917 1999 surdi,
970 1915 1128 2003 quia
1173 1914 1229 1981 si
1274 1899 1608 2005 psirticula
1640 1911 1894 2001 aliquid
1921 1923 2147 1982 tamen
2173 1913 2523 2006 significat,
2575 1912 2742 1981 nihil
2768 1936 2925 1981 eam

692 2018 1071 2111 significare
1109 2038 1388 2086 necesse
1430 2025 1641 2103 esset,
1695 2016 1750 2084 si
1776 2016 2060 2107 perinde
2101 2027 2306 2105 esset,
2363 2025 2589 2084 utrum
2625 2015 2920 2086 addere-

688 2130 801 2191 tur
827 2145 916 2190 an
951 2121 1389 2190 omitteretur.
1493 2119 1616 2189 Sin
1654 2120 1899 2188 mutari
1939 2121 2297 2190 omissione
2320 2120 2695 2213 particulae
2727 2121 2923 2190 vole-

688 2248 841 2295 mus
895 2225 1328 2309 sententiam,
1421 2223 1638 2291 omitti
1699 2224 2101 2316 particulam
2161 2248 2296 2293 non
2352 2233 2540 2291 recte
2594 2222 2920 2309 dicemus,

690 2330 886 2420 quia,
938 2327 1055 2398 ubi
1097 2348 1233 2396 non
1271 2325 1440 2395 illud
1481 2326 2001 2418 significandum
2041 2335 2174 2414 est,
2225 2327 2318 2397 ad
2362 2326 2550 2417 quod
2593 2349 2769 2418 opus
2817 2337 2921 2397 est

685 2431 1055 2526 particula,
1107 2431 1347 2499 abesse
1371 2452 1523 2498 eam
1548 2431 2005 2499 necessarium
2036 2439 2170 2518 est,
2222 2442 2298 2499 ut
2321 2453 2461 2499 non
2492 2430 2742 2516 omitti,
2794 2431 2920 2500 sed

684 2558 825 2606 non
850 2532 1171 2626 ponenda
1201 2556 1350 2602 esse
1396 2532 1687 2602 dicenda
1716 2533 1817 2602 sit.
1920 2533 2159 2623 ltaque
2190 2556 2399 2624 quum
2429 2533 2682 2602 utrovis
2708 2534 2918 2604 modo

684 2641 1019 2711 absonum
1058 2639 1173 2724 sit,
1225 2639 1543 2709 omissam
1576 2637 1710 2706 dici
1744 2638 2179 2729 particulam,
2230 2638 2598 2709 videndum
2636 2662 2725 2706 an
2772 2649 2918 2707 ter-

685 2744 780 2813 tia
810 2741 1151 2835 quaedam
1188 2742 1360 2813 ratio
1394 2742 1809 2830 relinquatur
1824 2793 1847 2823 ,
1898 2764 2034 2831 qua
2067 2743 2214 2811 iure
2255 2742 2387 2811 dici
2429 2743 2646 2833 possit
2678 2743 2915 2811 omitti.

683 2847 815 2916 Est
852 2868 1017 2916 vero
1053 2846 1169 2917 ita.
1271 2845 1454 2917 Nam
1482 2844 1728 2914 mutari
1768 2845 2161 2914 sententiam
2187 2868 2400 2935 quum
2426 2845 2710 2914 dicimus
2724 2901 2747 2937 ,
2800 2855 2919 2914 aut

681 2950 890 3044 plane
914 2948 1104 3019 aliud
1134 2948 1300 3039 quid
1328 2947 1556 3019 dicere
1579 2970 1735 3018 eum
1750 2998 1771 3034 ‚
1819 2949 1937 3038 qui
1966 2949 2265 3039 loquitur
2279 2996 2299 3034 ‚
2352 2948 2748 3034 indicamus,
2799 2959 2919 3020 aut

679 3053 868 3124 idem
895 3051 1209 3144 quidem,
1262 3052 1388 3121 sed
1413 3074 1569 3122 cum
1607 3051 1744 3122 levi
1775 3052 2002 3143 aliquo
2036 3061 2106 3121 et
2148 3051 2338 3141 quod
2366 3075 2502 3120 non
2541 3054 2774 3146 magni
2798 3077 2916 3122 re-

681 3157 860 3228 ferat
886 3156 1265 3228 discn’mine
1293 3155 1538 3226 dicere.
1644 3156 1739 3225 Et
1767 3154 1903 3224 hoc
1943 3155 2220 3246 quidem
2243 3177 2456 3245 quum
2485 3157 2598 3242 fit,
2650 3165 2727 3224 ut
2754 3179 2916 3226 sen—

678 3263 892 3333 tentia
930 3269 1204 3331 maneat
1240 3260 1483 3333 eadem
1496 3311 1518 3349 ,
1567 3281 1950 3353 parumque
2000 3260 2293 3345 intersit,
2355 3268 2582 3327 utrum
2622 3259 2917 3328 addatur

678 3390 767 3435 an
813 3366 1160 3436 omittatur
1173 3414 1194 3453 ,
1261 3372 1409 3437 tum
1452 3387 1616 3433 vero
1656 3373 1840 3432 recte
1887 3363 2118 3432 licebit
2157 3363 2471 3431 omissam
2513 3362 2666 3431 dici.
2769 3364 2915 3432 lta-

678 3493 815 3558 que
846 3468 1025 3538 hanc
1068 3484 1344 3538 omne'm
1387 3467 1909 3560 disputationem
1941 3466 2011 3534 in
2042 3466 2209 3534 duas
2242 3474 2473 3559 partes
2510 3466 2916 3555 dividemuS,

550 3592 555 3597 ’
679 3592 969 3662 quarum
994 3572 1065 3640 in
1104 3573 1335 3665 priore
1379 3571 1470 3642 de
1512 3571 1851 3664 particula
1887 3570 2269 3639 necessario
2305 3569 2592 3657 omissa,
2634 3571 2677 3642 i.
2718 3594 2779 3641 e.
2822 3594 2916 3639 ne

675 3673 999 3766 ponenda
1043 3673 1321 3763 quidem
1341 3727 1363 3765 ,
1404 3676 1488 3744 in
1533 3675 1748 3745 altera
1783 3673 1875 3742 de
1909 3696 2047 3743 non
2085 3674 2460 3745 necessaria
2510 3674 2652 3743 eius
2696 3675 2914 3744 omis—

676 3779 866 3847 sione
894 3776 1214 3849 dicemus,

1706 3982 1857 4053 XII.

676 4135 810 4207 De
855 4132 1388 4205 indicativo
1440 4135 1942 4227 particula
2009 4132 2116 4208 ἄν
2166 4133 2307 4204 vel
2349 4132 2502 4208 κᾶν
2568 4155 2911 4205 neces-

1435 4275 1702 4327 sarw
1755 4276 2119 4326 emessa.

877 4389 1197 4486 vulgaris
1240 4400 1343 4462 est
1403 4393 1640 4486 opinio
1655 4445 1677 4483 ,
1742 4391 1959 4463 verba
2007 4391 2376 4484 quaedam,
2447 4364 2534 4459 Χιιῐ
2592 4388 2909 4488 ὤφελον,

675 4498 1017 4593 ἔμελλον,
1082 4492 1336 4594 ἐχρῆν,
1404 4497 1591 4589 ἔδει,
1643 4495 2034 4597 προςῆκεν,
2086 4505 2156 4565 et
2201 4496 2365 4584 alia,
2419 4517 2650 4565 carere
2694 4517 2910 4587 posse
