3259 5275
1008 469 1182 533 LIB.
1223 470 1333 534 111.
1423 472 1626 537 CAP.
1672 474 1737 540 8.
2283 470 2286 483 ⁸
2363 482 2494 549 145

257 656 558 742 Quibus
536 679 605 725 ιιι
637 655 803 727 locis
842 660 1245 731 coniunctivi
1275 662 1760 764 significaturi
1737 672 1998 751 essent,
2054 666 2179 758 qni
2213 692 2480 745 arcere

254 760 711 854 reperiatur,-
777 772 859 832 ut
924 765 1356 859 reperiatur
1412 768 1523 837 ad
1567 713 2011 840 senectutem
2043 774 2476 863 pervenire.-

252 864 520 957 optativi
557 873 782 934 autem
819 865 992 936 haec
1023 869 1121 938 vis
1162 880 1298 940 est.
1350 871 1472 965 qm·
1509 880 1820 964 putetur
1867 894 2174 958 arcere,·
2222 887 2305 947 ut

252 977 435 1038 tetur
460 968 572 1036 ad
602 978 1042 1040 senectutem
1055 974 1471 1068 pervenire.
1531 975 1709 1044 Vide
1735 976 1826 1044 ad
1852 973 2074 1069 Soph.
2102 927 2209 1054 A'i.
2240 979 2470 1062 12⁰0,

440 1071 561 1141 Sic
593 1073 794 1142 etiam
824 1098 979 1144 cum
1014 1077 1268 1146 voculis
1300 1078 1885 1153 conditionalibus
1938 1080 2132 1155 Iliad.
2170 1108 2234 1181 ρ.
2276 1081 2351 1159 7

336 1217 653 1349 πρόσθε
660 1227 746 1300 δέ
770 1232 844 1299 οἱ
878 1220 1055 1321 δόρυ
1087 1225 1166 1301 τ’
1201 1231 1364 1320 ἔσχε
1406 1229 1526 1305 καὶ
1553 1228 1826 1305 α’σπίδα
1855 1226 2176 1307 πάντοσ’
2209 1239 2429 1338 ἑισην,

337 1322 468 1400 τόν
508 1321 871 1422 κτάμεναι
897 1326 1235 1426 μεμαώς,
1290 1332 1479 1416 ὅςτις
1506 1334 1647 1410 τοῦ
1676 1329 1754 1430 γ’
1784 1330 2035 1419 α’ντίος
2069 1337 2308 1413 ἔλθοι.

247 1477 371 1551 Od.
401 1488 461 1558 λ.
499 1481 677 1552 287.

1559 1638 1742 1763 ovd!
1767 1670 1846 1716 τι
1876 1637 2155 1767 Νηλευς

332 1736 436 1833 τῷ
468 1738 764 1821 ἐδίδου,
820 1738 898 1822 ὂς
920 1769 1024 1867 μη
1061 1745 1295 1824 ἕλικας
1317 1738 1499 1836 βόας
1529 1738 2084 1842 εὐρυμετώπους

332 1846 406 1914 εἰι
453 1838 793 1942 Φυλάκης
827 1839 1105 1920 ἐλάσειε
1129 1846 1290 1944 βίης
1315 1841 1762 1948 Ἰφικληείης

244 1993 499 2072 v..138

330 2148 497 2228 α’λλ
529 2149 666 2227 ὅτε
706 2144 798 2247 δη
823 2150 1103 2225 κοίτοιο
1148 2151 1269 2225 καὶ
1298 2148 1530 2226 ὕπνου
1566 2148 2102 2251 μιμνήσκοιτο,

326 2253 372 2353 ἢ
395 2255 534 2348 μὲν
585 2251 830 2348 δέμνι’
862 2282 1136 2348 ανωγεν
1170 2252 1663 2351 ὑποστορέσαι
1699 2258 2040 2355 δμώῇσιν.

240 2407 396 2475 Nam
431 2418 629 2478 reeta
656 2407 957 2477 oratione
989 2406 1165 2476 haec
1200 2408 1294 2476 sic
1323 2408 1745 2480 dicerentur.
1799 2410 2052 2500 κτενῶ,
2109 2406 2294 2493 ὅςτις
2324 2408 2458 2486 άν-

240 2510 384 2584 τίον
416 2512 647 2610 ἔλθῃ·
702 2507 792 2585 οὐ
828 2504 1077 2600 δώσω,
1125 2508 1202 2592 ὂς
1242 2538 1345 2607 μη
1382 2505 1633 2609 ἐλάσῃ·
1678 2510 2274 2609 ὕποστορέσατε,
2328 2512 2457 2592 ὅτε

238 2609 1012 2715 κοίτουμιμνήσιιηται.
1066 2612 1297 2709 Magis
1325 2588 1720 2710 ambignum
1736 2617 1874 2687 hoc
1903 2614 2139 2688 estod
2181 2647 2248 2693 τ.
2280 2614 2457 2690 51⁰.

322 2771 437 2844 nat
477 2798 627 2866 γαρ
664 2762 755 2863 δή
783 2768 1063 2843 κοίτοιο
1098 2763 1241 2863 τάχ
1255 2765 1586 2894 ηδέος*
1542 2797 1837 2846 εσσετοιι
1869 2768 2018 2871 ὤρη
2036 2827 2064 2862 ,

325 2868 589 2948 ὅντινά
620 2877 702 2967 γ’
734 2870 956 2955 ὕπνος
994 2878 1146 2948 ἕλοι
1179 2867 1534 2969 γλυκερός.

240 3025 459 3119 Neque
507 3029 695 3098 enim
746 3027 986 3116 mirer,
1053 3028 1109 3097 si
1160 3028 1307 3119 quis
1355 3025 1469 3096 hic
1531 3027 2023 3097 coniunctimm
2085 3039 2452 3123 exspectet.

242 3129 363 3199 Sed
397 3155 616 3223 quum
666 3130 877 3200 addat
924 3131 1273 3225 Penelope
1317 3156 1389 3201 se
1435 3155 1571 3201 non
1607 3154 1813 3223 posse
1859 3130 2191 3217 dormire,
2249 3133 2451 3202 facile

240 3232 643 3329 intelligitur,
690 3258 841 3304 eam
873 3258 1003 3326 per
1048 3235 1419 3327 optativum
1461 3233 1600 3304 hoc
1643 3234 1872 3301 dicere
1889 3284 1909 3321 ‚
1966 3234 2088 3325 qui
2129 3258 2209 3305 se
2234 3245 2448 3331 putet

241 3336 719 3410 dormiturum
749 3360 926 3408 esee.
1031 3337 1302 3407 Eodem
1332 3338 1541 3408 modo
1570 3337 1767 3411 Iliad.
1796 3364 1860 3432 γ.
1896 3333 2069 3408 299.

326 3487 730 3586 ὁππότεροι
756 3483 1112 3587 πρότεροι
1147 3487 1329 3585 ὖπὲρ
1368 3487 1581 3588 ὅρκια
1609 3482 2053 3587 πημήνειαν,

324 3590 462 3670 ὧδέ
484 3591 621 3691 σφ’
654 3596 1038 3691 ἐγκέφαλος
1064 3589 1379 3688 χαμάδις
1411 3598 1567 3691 ρ’έοι
1582 3649 1610 3684 ,
1666 3591 1756 3675 uic
1788 3590 1911 3665 ὅδε
1945 3588 2155 3671 οἶνος.

238 3731 442 3822 Atque
472 3734 569 3801 ita
606 3732 900 3800 dicturus
934 3741 1113 3817 erat,
1155 3733 1356 3802 etiam
1385 3732 1438 3801 si
1480 3755 1619 3801 non
1662 3731 1858 3826 ῥέοι,
1910 3727 2032 3796 sed
2067 3724 2279 3825 ρείτω
2312 3751 2448 3821 po-

240 3834 470 3906 suisset.
579 3836 760 3903 Nam
791 3835 846 3903 si
890 3828 1267 3932 πημῆνωσι
1300 3836 1609 3923 dixisset,
1663 3834 1966 3900 futurum
2006 3855 2152 3899 esse
2189 3830 2448 3899 indica-

239 3948 370 4020 ret,
417 3949 491 4007 ut
536 3939 833 4007 alterutri
880 3949 1370 4007 sacramentum
1413 3940 1768 4007 violarent:
1823 3958 1998 4002 nunc
2034 3957 2198 4004 vero
2240 3944 2446 4026 opta-

237 4039 425 4109 tivum
442 4041 695 4134 posuit,
738 4052 811 4109 ut
829 4040 1104 4132 diceret,
1158 4042 1225 4112 εἰ
1257 4064 1466 4135 quem
1480 4051 1822 4136 putemus
1842 4037 2445 4132 periurumsore.

240 4139 340 4210 ob
367 4145 673 4214 eamdem
713 4167 1018 4213 caussam
1045 4145 1539 4215 Demosthenes
1579 4145 1651 4213 in
1680 4143 1980 4211 Timoor.
2009 4166 2082 4234 p.
2120 4140 2292 4229 747,
2326 4137 2447 4211 13.

239 4243 414 4336 dixit,
458 4247 984 4341 waldimandiam
1017 4242 1346 4331 ἐξώλειαν
1376 4247 1614 4343 ἑαυτῷ
1645 4244 1766 4320 καὶ
1798 4243 1991 4339 οἰκίᾳ
2023 4243 2119 4340 τῇ
2147 4242 2447 4333 ἑαυτοῦ,

242 4348 305 4417 εἴ
318 4377 389 4421 τι
418 4344 700 4423 τούτων
737 4349 1301 4447 παραβαίνοιμι.
1389 4355 1569 4422 Nam
1601 4351 1659 4421 si
1685 4347 1774 4443 ἢν
1805 4346 2123 4445 παραβῶ
2151 4346 2450 4431 dixisset,

195 4496 213 4520 .
239 4448 504 4523 salsurus
541 4454 751 4522 fidem
783 4454 1151 4524 videretur.

323 4568 559 4642 Ham.
610 4571 742 4648 ΟΡ.
783 4573 900 4644 Ν.
1958 4567 2029 4635 Κ
