3259 5275
778 485 1656 549 HERMESIANACTIS
1712 486 2019 553 ELEGI.
2367 493 2498 558 m

588 673 780 774 ἀμφὶ
812 675 986 771 βίου
1021 676 1343 770 στυγνῶν
1373 672 1813 753 α’ντιάσαντι
1848 705 2096 753 κυνων.

489 779 721 876 ἄνδρα
753 784 838 855 δέ
847 835 877 871 ,
930 807 1065 853 τον
1096 782 1546 878 Κυθέρηθεν
1557 778 2081 905 ᾰνετρέψαντο
2114 785 2423 882 τιθῆναι

344 882 440 954 Ίθ
585 879 893 974 Βάκχου
926 884 1045 956 καὶ
1078 884 1320 958 λωτοῦ
1351 878 1808 966 πιστότατον
1836 884 2110 983 ταμιήν

489 985 840 1110 Musicae:
893 989 1388 1061 παιδευθέντα
1425 982 1860 1078 Φιλόξενον,
1914 987 2038 1062 οἶα
2066 992 2445 1082 τιναχθεὶς

587 1085 832 1214 ὠρυγῇ
865 1082 1138 1186 ταύτης
1164 1085 1345 1186 ἦλθε
1378 1084 1505 1164 δια
1535 1084 1891 1178 πτόλεως,

486 1187 926 1287 γιγνώσκεις,
981 1190 1246 1265 αἰουσα
1279 1194 1509 1286 μέγαν
1540 1186 1826 1279 πόθον,
1879 1192 1965 1267 ὸν
1996 1197 2075 1266 Γ
2067 1197 2398 1296 αλατειης

587 1293 838 1377 αὐτοῖς
863 1294 1188 1416 μηλείοις
1224 1290 1516 1392 θήκαθ’
1559 1290 1705 1369 υπό
1732 1291 2136 1391 προγόνοις.

344 1398 438 1472 75
488 1394 712 1473 οἶσθα
745 1399 822 1472 δὲ
856 1400 974 1470 καὶ
1015 1391 1148 1471 το“ν
1183 1393 1441 1472 αοιδόν
1456 1453 1485 1488 ,
1542 1398 1626 1472 ὸν
1670 1393 2110 1494 Εὐρυπύλου
2144 1403 2491 1502 πολιῆται

586 1502 799 1577 Koios
831 1495 1167 1593 χάλκειον
1197 1501 1437 1599 θῆκαν
1466 1495 1612 1575 ὑπο
1639 1495 2024 1597 πλατάνῳ,

488 1604 809 1680 Βιττίδα
836 1597 1305 1698 μολπάζοντα
1336 1599 1565 1703 θοήν,
1617 1602 1783 1702 περὶ
1813 1599 2054 1680 πάντα
2088 1609 2415 1705 Φιληταν

299 1968 360 2008 ea
393 1949 687 2030 scriptura
722 1945 970 2024 debeat,
1016 1967 1093 2007 ιιι
1119 1950 1276 2009 male
1306 1946 1554 2009 Homeri
1589 1967 1765 2012 usum
1794 1947 2203 2030 interpretatis
2229 1948 2494 2012 Alexan-

298 2032 471 2095 drinis
494 2031 919 2113 grammaticis.

454 2124 553 2187 68.
601 2121 878 2197 Langnet
921 2112 1082 2199 ἀμφὶ
1122 2118 1300 2199 βίου,
1346 2118 1522 2178 etiam
1549 2117 1602 2178 si
1627 2117 1703 2178 de
1736 2117 1859 2178 vita
1891 2117 2187 2179 luctatum
2225 2140 2364 2181 cum
2396 2142 2495 2182 ca·

295 2206 459 2266 nibus
487 2205 606 2265 dici
642 2203 993 2284 Euripidem
1029 2204 1257 2263 credas.
1345 2203 1550 2278 Quare
1587 2197 1926 2284 Ἀμφιβίου
1966 2204 2265 2286 scriptum
2307 2208 2495 2269 fuisse

297 2302 455 2375 puto.
535 2288 969 2369 Moschopulus
998 2310 1135 2349 eum
1161 2288 1463 2349 hominem
1493 2287 1913 2369 Lysimachum
1937 2300 2139 2351 vocat.
2513 2305 2524 2317 “

449 2379 552 2444 69.
599 2377 742 2436 Non
781 2376 960 2457 plane
996 2375 1530 2451 contemnendum,
1566 2373 1735 2454 quod
1762 2373 1946 2435 habet
1974 2376 2153 2439 Laur.
2185 2371 2337 2459 ανδρ
2342 2400 2381 2439 α
2408 2400 2490 2442 τε.

297 2461 506 2523 Eodem
540 2481 725 2523 versu
769 2460 1058 2521 Athenaei
1098 2460 1237 2524 edd.
1278 2454 1710 2543 ἆνετρέψαντο.
1798 2460 1894 2520 Ex
1937 2460 2119 2526 codd.
2156 2400 2337 2522 ιιίΙιιΙρ
2345 2482 2491 2524 eno·

298 2558 491 2611 tatum.
577 2546 977 2607 Ruhnkenius
1020 2556 1224 2607 tacens
1266 2546 1474 2623 dedit,
1530 2546 1694 2625 quod
1733 2546 1857 2606 iam
1904 2546 2149 2608 Latinus
2195 2546 2494 2631 interpres

298 2644 698 2716 expresserat,
760 2627 1208 2715 ἐνεθρέψαντο.
1296 2632 1663 2713 Interpretes
1700 2655 1808 2696 τον
1828 2653 1964 2738 pro
2005 2657 2080 2699 ον
2111 2632 2343 2695 dictum
2383 2657 2497 2744 pu·

297 2728 428 2869 {sont
515 2718 864 2800 Elegantius
920 2718 1324 2797 scriberetur,
1395 2715 1593 2802 ανδρα
1654 2715 1722 2781 δὲ
1772 2742 1882 2783 τον
1944 2717 2352 2804 Κυθέρηθεν,
2423 2718 2498 2787 ὃν

480 2830 639 2871 αντο.

366 2804 552 2958 ρᾶςΙ.
600 2892 739 2952 Non
764 2899 929 2952 recte
948 2889 1381 2951 intellexerunt
1396 2887 1754 2969 interpretes
1785 2886 1906 2949 hoc
1935 2887 2258 2968 distichon,
2303 2911 2501 2970 quan-

299 2985 416 3037 ιιιιιι
448 2998 523 3038 ex
555 2998 767 3038 eorum
799 2975 1289 3037 adnotationibus
1324 2974 1528 3053 colligi
1557 2982 1783 3055 potest.
1849 2974 2276 3038 Παιδευθέντα
2304 2978 2497 3056 signi-

299 3060 428 3122 ficat
478 3067 896 3144 castigatum.-
937 3061 1185 3140 respicit
1229 3058 1384 3121 enim
1432 3067 1615 3140 poeta
1654 3079 1948 3140 poenam,
2004 3080 2121 3140 qua
2158 3060 2406 3122 affectus
2459 3084 2495 3122 a

301 3146 566 3229 Dionysio
617 3151 818 3209 fuerat
854 3145 1260 3208 Philoxenus.
1332 3144 1496 3205 unde
1538 3144 1644 3204 ille
1698 3146 2039 3227 τιναχθείς,
2108 3144 2496 3209 vehementer

303 3245 652 3309 commotus,
699 3228 945 3320 ὠρυγῇ,
989 3251 1205 3311 magno
1239 3249 1377 3289 cum
1407 3229 1636 3291 eiulatu
1675 3250 1790 3329 per
1827 3230 2039 3291 urbem
2083 3230 2494 3313 Colophonem
2589 3306 2594 3311 Ι

301 3321 550 3397 transiit,
595 3339 787 3400 quum
812 3339 876 3378 se
898 3321 964 3378 in
998 3317 1254 3419 patriam
1288 3313 1547 3395 Cythera
1561 3316 1895 3423 reciperet.

455 3409 556 3472 78.
601 3405 770 3465 Libri
816 3405 978 3467 MSS.
1021 3396 1346 3486 γιγνώσκει
1379 3399 1485 3463 καὶ
1511 3392 1709 3464 οὖσαν
1735 3400 1940 3485 μέγαν.
2027 3399 2182 3461 Edd.
2213 3411 2359 3466 vett.
2392 3403 2498 3467 καὶ

304 3484 628 3588 ουσαμέγαν
666 3491 770 3554 vel
820 3491 1079 3554 καίουσα
1125 3487 1328 3569 μέγαν.
1418 3485 1776 3548 Emendavit
1818 3485 2232 3549 Ruhnkenius.
2319 3487 2498 3549 Allo-

304 3574 493 3653 quitur
514 3585 691 3658 poeta
716 3576 1048 3653 Leontium,
1089 3574 1337 3635 amicam
1354 3592 1543 3649 suam,
1588 3571 1819 3633 cuihoc
1835 3593 2072 3634 carmen
2088 3573 2374 3653 scriptum
2392 3584 2499 3636 est.

456 3662 558 3728 74
607 3663 774 3722 Libri
803 3663 1058 3742 μηλίοις.
1147 3658 1429 3721 Correxit
1455 3658 1739 3738 Hel-inge,
1782 3660 1935 3719 male
1963 3671 2162 3719 tamen
2193 3658 2499 3742 interpre—

302 3752 440 3805 tans.
520 3748 800 3809 Tibicina
830 3748 934 3808 illa
974 3747 1125 3824 suit,
1182 3754 1375 3806 amata
1420 3744 1747 3825 Dionysio,
1790 3754 1862 3805 ut
1904 3765 1981 3806 ex
2006 3742 2314 3806 Athenaeo
2344 3767 2406 3828 p.
2436 3752 2495 3847 6

303 3834 357 3894 7.
401 3845 773 3914 compertum
814 3832 1129 3895 habemus.
1212 3832 1356 3890 Eam
1398 3829 1833 3891 Hermesianax
1862 3829 2062 3892 dicere
2101 3829 2348 3893 videtur
2376 3834 2498 3914 pri-

303 3934 454 4058 pium
495 3939 640 3981 oves
683 3920 961 4003 pavisse,
1018 3936 1209 3998 eoque
1247 3917 1369 3977 iam
1415 3926 1694 3998 tempore
1735 3936 1938 3978 amore
1975 3915 2312 3978 incendisse
2356 3918 2502 3980 Phi-

328 4021 592 4066 oxenum.

459 4095 562 4154 77.
606 4089 770 4151 Libri
814 4090 1077 4152 Βιττίδα.
1160 4087 1232 4147 Id
1277 4108 1464 4168 quum
1509 4086 1809 4147 Graecum
1847 4106 2070 4148 nomen
2124 4106 2248 4146 esse
2292 4086 2504 4150 docuit

308 4168 714 4252 Ruhnkenius‚
756 4197 880 4237 non
918 4175 1211 4236 refutavit
1252 4174 1648 4253 scaligerum,
1693 4171 1797 4252 qui
1832 4156 2037 4233 Ovidii
2082 4171 2320 4233 duobus
2350 4175 2501 4235 locis

311 4255 593 4320 adductus
633 4262 894 4325 Βαττίδα
931 4259 1309 4321 scribendum
1345 4259 1600 4321 censuit.
1688 4259 1826 4317 Non
1867 4268 1957 4318 est
1997 4258 2158 4318 enim
2192 4259 2500 4339 credibile,

309 4359 540 4420 nomen,
584 4347 747 4426 quod
786 4367 862 4407 ex
885 4347 1078 4427 ipsius
1106 4346 1371 4406 Philetae
1398 4343 1767 4405 carminibus
1792 4354 2005 4405 notum
2031 4353 2217 4422 esset,
2260 4344 2335 4405 ab
2365 4345 2498 4406 aliis

312 4426 468 4487 aliter
494 4450 621 4491 esse
648 4432 955 4513 scriptum.
1030 4433 1239 4511 Itaque
1270 4431 1385 4491 nisi
1409 4431 1474 4490 ιιι
1499 4429 1706 4490 Ovidii
1733 4429 1884 4491 locis
1911 4450 2191 4511 peccasse
2214 4430 2498 4492 librarios

313 4514 676 4598 ostendetur,
718 4517 1115 4600 corrigendus
1139 4518 1254 4581 erit
1275 4516 1780 4580 Hermesianactis
1810 4535 2043 4578 versus.
