3259 5275
774 506 859 570 52
1444 500 1559 561 DE
1629 498 2182 562 PARTIGVLA
2226 493 2320 563 ἄν

777 691 1227 763 conditionem
1254 713 1392 758 ιιοιι
1423 691 1771 783 impletam
1801 692 2155 777 contineat,
2209 689 2510 781 reliquae
2548 690 2833 759 orationi
2874 687 3004 758 ad·-

642 805 647 810 ’
775 804 1108 884 nectatur,
1159 805 1480 886 oportere
1517 794 1608 867 ἄν
1644 794 1908 868 adiici.
1967 796 2060 862 Vt
2093 793 2280 887 apud
2310 793 2740 862 Herodotum
2762 793 2831 865 I.
2876 790 3000 865 86.

778 899 1105 986 Croesum,
1151 898 1607 991 interrogatus
1622 946 1644 984 ‚
1696 899 1845 989 quis
1895 897 1998 985 sit,
2051 920 2258 988 quem
2303 898 2647 1024 appellet,
2711 918 3006 1021 respon-

776 1002 929 1072 det.
969 994 1104 1075 τόν
1138 1029 1231 1074 αν
1270 993 1410 1094 ἐγω
1462 1001 1645 1074 πάσι
1694 994 2124 1097 τυράννοισι
2168 998 2636 1099 προετίμησα
2668 993 3006 1092 μεγάλων

775 1098 1161 1204 χρημάτων
1207 1107 1274 1186 ἐς
1314 1096 1572 1198 λόγους
1618 1104 2465 1178 ἑλθειν.1)οιιιοει11.ἰιι
2499 1102 2677 1176 Mid.
2712 1126 2786 1195 p.
2827 1098 3006 1189 536,

775 1206 899 1282 25.
950 1208 1079 1280 νῦν
1108 1206 1185 1280 δὲ
1215 1206 1444 1280 τοῦτο
1476 1206 1613 1299 μὲν
1652 1234 1785 1279 ουκ
1825 1206 2199 1304 ἐποίησεν,
2246 1212 2322 1280 ἐν
2350 1201 2408 1300 ᾦ
2435 1233 2569 1279 τον
2603 1205 2899 1303 δῆμον’
2864 1204 3009 1280 ετί-

773 1337 1004 1409 μησεν
1045 1306 1155 1381 ἄν.
1259 1309 1457 1377 Idem
1501 1310 1593 1378 ad
1634 1309 1910 1378 Phorm.
1955 1333 2007 1400 p
2075 1308 2252 1395 914,
2301 1277 2422 1382 19.
2469 1310 2669 1382 ἔστιν
2718 1336 2850 1383 ουν
2864 1363 2892 1397 ,
2949 1336 3005 1380 ω

776 1413 1031 1541 ἄνδρες
1059 1410 1423 1490 δικασταί,
1459 1408 1676 1493 οὗτος
1704 1410 1747 1485 ό
1778 1409 2169 1506 ανθρωπος
2192 1410 2239 1508 ἢ
2276 1405 2660 1535 γενήσεταί
2680 1437 2892 1499 ποτε,
2930 1437 3011 1492 ος

779 1511 946 1589 άντὶ
981 1511 1333 1605 διςχιλίων
1381 1514 1769 1597 ἑξακοσίων
1821 1514 2165 1611 δραχμων
2210 1509 2610 1611 τριάκοντα
2651 1541 2841 1606 μνας
2887 1512 3011 1585 καὶ

774 1617 1194 1714 τριακοσίας
1234 1615 1352 1689 καὶ
1404 1610 1749 1712 ἑξήκοντα
1786 1613 2166 1692 α’ποτίνειν
2203 1612 2570 1711 προείλετ
2614 1644 2748 1707 αν,
2810 1617 3011 1685 Idem

772 1720 925 1793 inl.
956 1719 1046 1788 de
1072 1719 1245 1787 falso
1277 1728 1429 1792 test.
1468 1720 1537 1787 in
1574 1719 1820 1811 steph.
1859 1742 1932 1811 Ρ.
1971 1718 2198 1804 llll,
2238 1717 2360 1794 21.
2417 1720 2617 1793 ἔστιν
2651 1746 2782 1792 ουν
2797 1774 2826 1809 ,
2880 1717 3002 1802 ὅς-

773 1849 887 1904 τις
909 1822 1005 1895 οἳν
1031 1821 1172 1894 τοῦ
1198 1815 1408 1905 ξύλου
1423 1821 1541 1895 καὶ
1564 1823 1707 1894 τοῦ
1734 1820 1999 1919 χωρίου
2029 1851 2146 1894 και
2171 1824 2309 1895 τοῦ
2339 1820 2851 1918 γραμματείου
2877 1850 3011 1896 το·-

777 1920 1045 2048 σαύτην
1069 1921 1413 2015 υπέμεινε
1438 1923 1857 2019 μίσθωσιν·
1829 1980 1851 2016 ,
1909 1926 2064 1998 ἔστι
2101 1922 2172 1999 ὃ
2206 1924 2391 2006 ὄςτις
2421 1954 2512 1998 αν
2543 1921 2644 1998 δι’
2673 1923 2758 1997 ὃν
2789 1920 3008 2019 ω’φει·

775 2019 969 2125 λη’κει
1034 2026 1364 2101 τοσαῦτα
1425 2020 1771 2125 χρήματα
1822 2023 1868 2125 ἦ
1913 2020 2277 2124 τράπεζα..
2342 2021 2581 2123 τούτῳ
2629 2055 2725 2100 τα
2783 2022 3010 2102 λοιπα

775 2131 1209 2228 ἐπέτρεψεν,-

979 2233 1075 2302 Et
1118 2255 1273 2301 cum
1319 2229 1523 2312 ὅπως.
1623 2230 1818 2299 Idem
1863 2231 2114 2300 ibidem
2160 2254 2236 2324 Ρ.
2279 2231 2455 2305 44ss.
2501 2232 2570 2305 1.
2626 2232 2826 2306 ἔστιν
2869 2229 3005 2307 ουν

777 2333 967 2416 ὅπως
1007 2334 1232 2406 ταῦτ’
1286 2333 1413 2421 ἄν,
1467 2338 1701 2407 ἐκεῖνα
1752 2328 2234 2430 προειρηκώς,
2304 2333 2348 2408 0‘
2389 2328 2611 2416 αὐτος
2663 2329 2850 2431 α’νηρ
2899 2362 3006 2431 μη

778 2437 1219 2533 διαφθαρεὶς
1249 2430 1645 2534 ἐτόλμησεν
1678 2438 1945 2528 ει’πεΐν,·
1995 2436 2882 2531 Eurip.1ph.Taur.385.

868 2583 881 2596 ‘
983 2582 1113 2662 οὐκ
1165 2584 1338 2665 ἔσθ
1390 2614 1579 2670 οπως
1629 2589 1871 2664 ἔτεκεν
1923 2587 2015 2663 ἄν
2065 2618 2110 2689 η
2168 2585 2354 2674 Διος
2407 2585 2654 2690 δάμαρ

981 2687 1211 2789 Λητω
1260 2717 1630 2789 τοσαυτην
1685 2688 2045 2785 ἀμαθίαν.

774 2844 956 2915 Mire
984 2843 1164 2913 hanc
1200 2844 1562 2914 formulam
1592 2845 1875 2914 mutavit
1899 2842 2293 2916 Herodotus
2320 2847 2503 2921 vm.
2547 2846 2715 2922 119.
2770 2853 2842 2924 εἰ
2863 2844 3006 2947 γάρ

778 2941 869 3045 ‹5ae5
892 2945 1130 3022 ταῦτα
1169 2973 1361 3021 ουτω
1364 2941 1678 3073 ἐρ’ρήθη
1720 2952 1795 3022 ἐκ
1826 2975 1965 3022 του
2009 2943 2462 3071 κυβερνήτεω
2492 2976 2673 3050 προς
2667 2952 3006 3079 Ξέρξεα,
3069 2946 3076 2959 ’

634 3062 643 3073 “
774 3054 853 3126 ἐν
892 3055 1198 3150 μυρίῃσι
1239 3077 1562 3148 γνωμῃσι
1606 3048 1789 3143 μίαν
1841 3078 1972 3124 ουκ
2019 3053 2155 3143 ἔχω
2192 3050 2530 3138 ἀντίξοον
2579 3051 2688 3153 μή
2738 3084 2868 3130 ουκ
2912 3055 3008 3129 ἄν

774 3154 1076 3251 ποιῆσαι
1125 3153 1482 3278 βασιλῆα
1485 3149 1809 3227 τοιονδο·
1875 3181 2049 3236 τους
2092 3156 2232 3248 μὲν
2280 3162 2354 3232 ἐκ
2389 3156 2532 3230 τοῦ
2568 3185 3008 3257 καταστρω-

770 3283 1052 3350 ματος,
1104 3249 1607 3351 καταβιβάσαι
1642 3259 1711 3337 ἐς
1748 3253 1988 3355 κοίλην
2034 3257 2208 3353 νῆα,
2255 3252 2512 3343 ἐόντας
2565 3263 2855 3383 Πέρσας
2886 3259 3010 3335 καὶ

774 3361 1117 3458 Περσέων
1159 3387 1335 3443 τους
1361 3352 1745 3480 πρώτους·
1798 3384 1946 3432 των
1991 3356 2065 3433 δ’
2109 3362 2453 3456 ἐρετέων,
2509 3355 2781 3437 ἐόντων
2829 3367 3006 3438 Φοι-

773 3460 1032 3551 νίκων,
1087 3459 1263 3541 ὅκως
1292 3489 1420 3537 ουκ
1450 3488 1544 3535 αν
1575 3463 1739 3534 ἴσον
1782 3461 2066 3582 πλῆθος
2111 3469 2308 3537 τοῖσι
2355 3465 2696 3589 Πέρσῃσι
2716 3468 3006 3560 ἐξέβαλε

772 3566 843 3644 ἐς
882 3558 1020 3661 τήν
1051 3557 1453 3639 θάλασσαν.
1554 3566 1738 3633 Nam
1763 3587 1897 3658 pro
1942 3592 2074 3639 ουκ
2116 3566 2274 3640 ἔστι
2314 3564 2430 3635 hie
2466 3568 2559 3637 ad
2585 3594 2692 3663 μη
2742 3593 2871 3642 ουκ
2910 3596 3005 3643 αν

771 3664 1076 3763 ποιῆσαι
1105 3665 1466 3737 refertus‘
1420 3694 1627 3750 οπως.

952 3766 1593 3840 Commemoranda
1634 3769 1750 3839 hic
1793 3777 1899 3839 est
1944 3769 2147 3838 etiam
2191 3771 2485 3840 formula
2529 3767 2678 3847 οἶδ
2724 3769 2848 3847 ὅτι
2911 3771 3006 3847 ἄν

774 3878 844 3938 et
871 3865 1016 3944 οἶδ
1046 3869 1094 3944 6
1119 3899 1197 3945 τι
1227 3871 1338 3946 ἄν.
1391 3873 1813 4051 Aristoph..
1773 3871 1950 3944 Ach.
1983 3866 2159 3946 555.

1087 4021 1493 4053 ααααα

768 4175 1163 4252 Av.-1221.

2089 4274 2238 4378 αρά
2286 4310 2333 4375 γ
2416 4277 2622 4356 οἷσθ’
2675 4280 2800 4357 ὅτι

976 4376 1392 4458 δικαιότατ’
1443 4412 1536 4456 αν
1587 4387 1953 4502 ληφθεῖσα
2007 4408 2259 4456 πασων
2308 4381 2591 4483 Ιρίδων

973 4481 1375 4574 ἀπέθανες,
1435 4513 1496 4560 ει
1536 4486 1664 4576 τῆς
1714 4481 1914 4568 nil-'iac
1964 4479 2394 4580 ἐτύγχανεςς
