3259 5275
740 470 872 533 874
1284 465 1390 527 DE
1432 464 1804 528 MENSVRA
1836 463 2288 539 VTRIVSQVE
2324 458 2426 527 ἅν.

743 651 1024 826 legionis
1056 651 1470 746 ‘fragment-o
1529 654 1774 723 CVIII.
1843 624 1982 727 35'5
2025 651 2225 743 quod
2289 652 2384 721 sic
2460 646 2962 720 emendandum

745 759 812 827 vi
865 765 1047 826 etur:

950 901 1163 983 πόλλ’
1201 908 1402 983 ἔστιν
1453 914 1532 984 ἐν
1582 912 1964 983 πολλαῖσιν
2017 906 2276 992 οἰκίαις
2323 903 2550 998 κακοί,

954 1027 1008 1101 ὁὶ
1044 1028 1269 1110 καλῶς
1319 1025 1503 1102 ὅταν
1555 1031 1871 1125 ἐνέγκῃς,
1923 1022 2183 1122 ἁγαθοὶ
2229 1023 2635 1126 γενήσεται.

901 1200 1089 1283 Hoc,
1119 1198 1327 1292 igitur
1389 1192 1518 1273 ἒοῖν
1582 1200 1653 1267 in
1718 1199 1811 1273 ἄν
1874 1209 2291 1269 contractum
2344 1199 2593 1291 corripi
2648 1195 2967 1266 credide-

747 1312 906 1376 runt
951 1302 1282 1373 Heathius
1300 1353 1320 1388 ‚
1372 1302 1758 1371 Brunckius
1773 1357 1803 1393 ,
1856 1303 2200 1372 lacobsius
2216 1352 2238 1390 ‚
2306 1302 2660 1370 novissime
2707 1310 2962 1389 autem,

745 1408 939 1502 quod
978 1429 1114 1500 ego
1166 1406 1440 1496 quidem
1492 1407 1733 1491 sciam,
1786 1406 2229 1492 Schaeferus‚
2275 1404 2392 1496 qui
2439 1406 2509 1474 in
2554 1404 2777 1473 indice
2809 1404 2965 1472 Ho-

747 1512 919 1582 meri
963 1535 1039 1603 Ρ.
1086 1509 1255 1578 147.
1336 1532 1546 1600 quum
1605 1509 1976 1579 Heathium
2042 1518 2112 1578 et
2173 1509 2592 1578 Brunckium
2658 1515 2964 1604 auctores

747 1614 1148 1704 nominavit,
1226 1614 1370 1682 iure
1449 1614 1848 1683 memoravit
1909 1611 2235 1683 Brunckii
2310 1612 2814 1680 adnotationem
2878 1609 2968 1677 ad

750 1714 1559 1810 Aristoph.P1ut.482.
1628 1740 1764 1787 non
1815 1718 1978 1786 item
2030 1717 2230 1785 aliam
2281 1716 2372 1784 ad
2432 1716 2791 1784 sententias
2835 1736 2968 1782 co-

750 1824 1084 1892 micorum
1146 1841 1222 1911 p.
1269 1818 1444 1890 336.
1524 1821 1666 1889 sive
1731 1821 2068 1889 secundae
2146 1818 2454 1888 editionis
2521 1843 2593 1911 p.
2649 1814 2828 1889 269.
2900 1817 2970 1884 in

752 1948 891 2016 qua
943 1924 1030 1992 de
1069 1922 1300 2013 quinto
1345 1923 1527 2015 pede
1579 1924 1859 1993 trimetri
1910 1945 2131 1993 sermo
2184 1930 2307 1991 est.
2429 1922 2695 1991 Tuetur
2742 1915 2971 1988 autem

755 2028 1253 2119 correptionem
1312 2026 1507 2095 istam
1561 2027 1972 2098 Schaeferus
2030 2026 2296 2096 duobus
2361 2028 2432 2094 in
2485 2048 2660 2117 quae
2708 2001 2970 2093 incide-

753 2139 860 2200 rat
911 2129 1269 2222 exempIiS‚
1319 2153 1456 2198 uno
1495 2130 1963 2224 Euripidisin
1894 2130 2232 2225 mlphig.
2274 2130 2431 2203 Aul.
2471 2127 2698 2198 1192.
2778 2127 2971 2198 Hea-

753 2229 881 2303 thii
930 2234 1231 2327 probans
1279 2235 1765 2305 coniecturam.

1838 2387 1948 2471 τίς
2000 2388 2080 2464 δὲ
2127 2385 2249 2463 καὶ
2295 2383 2834 2484 προςβλέψεται

964 2506 1245 2583 παίδων
1296 2506 1412 2599 o’,
1492 2509 1587 2584 ἄν
1639 2504 1881 2583 αὐτῶν
1943 2509 2403 2608 προθέμενος
2452 2503 2714 2603 κτάνῃς
2763 2497 2976 2599 τινάς

758 2683 975 2753 altero
988 2732 1009 2770 ‚
1073 2704 1274 2750 versu
1333 2680 1610 2750 heroico
1625 2732 1647 2769 ,
1714 2703 1921 2771 quem
1985 2702 2071 2750 ex
2132 2679 2480 2750 Plutarchi
2543 2678 2727 2749 Mor.
2788 2680 2876 2748 Τ.
2922 2678 2975 2748 l.
3021 2642 3033 2655 ι

757 2809 830 2879 Ρ.
869 2783 992 2855 90.
1048 2784 1155 2853 ed.
1196 2783 1546 2875 Wyttenb.
1597 2786 1640 2852 i.
1695 2798 1754 2852 e.
1821 2807 1909 2853 ex
1961 2784 2137 2853 libro
2186 2784 2276 2854 de
2335 2783 2684 2854 audiendis
2753 2784 2978 2877 poetis

759 2912 833 2982 Ρ.
871 2887 991 2958 24.
1047 2887 1127 2958 C.
1181 2885 1416 2956 affert:

968 3052 1154 3142 Ζεΰς
1194 3050 1333 3154 γάρ
1389 3061 1461 3129 οἱ
1500 3057 1809 3151 νεμέσα,
1880 3056 1973 3131 ἂν
2012 3057 2349 3155 ἀμείνονι
2402 3060 2594 3158 φωτὶ
2631 3052 2980 3157 μάχοιτο.

763 3232 872 3301 De
935 3226 1282 3323 Euripidis
1346 3250 1545 3298 versu
1563 3277 1584 3311 ‚
1656 3229 1725 3298 in
1788 3253 1926 3321 quo
1992 3232 2144 3301 libri
2206 3255 2440 3302 omnes
2506 3225 2636 3307 ἐοίν
2700 3230 2979 3318 habeut,

760 3358 901 3406 non
969 3334 1368 3403 meminerat
1444 3333 1612 3422 quid
1678 3333 2018 3404 Porsonus
2092 3336 2489 3407 coniecisset
2555 3334 2648 3404 ad
2717 3333 2977 3408 Phoen.

763 3436 990 3509 1373.
1093 3436 1239 3507 Sed
1278 3446 1505 3504 tamen
1551 3436 1824 3507 soloece
1867 3438 2230 3508 Porsonus.
2338 3439 2426 3509 G.
2474 3437 2862 3508 Diudorfius
2914 3438 2981 3505 in

761 3543 1123 3612 novissima
1166 3539 1459 3609 editione
1486 3540 1960 3632 Aristophanis
2006 3565 2090 3612 eo
2136 3565 2275 3633 quo
2321 3543 2458 3611 dixi
2505 3544 2664 3612 loco
2713 3564 2980 3611 versum

763 3646 954 3714 illum
1004 3668 1138 3714 una
1190 3666 1341 3711 cum
1387 3643 1645 3732 aliquot
1696 3645 1840 3713 aliis
1892 3645 1981 3713 ab
2017 3646 2295 3715 indocto
2338 3646 2456 3714 illo
2497 3645 2774 3719 homine
2817 3646 2979 3714 scri-

763 3758 960 3841 ptum
1012 3747 1373 3831 existimat‚
1442 3748 1559 3836 qui
1622 3755 1726 3814 tot
1793 3748 1922 3816 alia
1971 3750 2039 3818 iu
2090 3751 2206 3818 illa
2254 3750 2489 3818 fabula
2529 3748 2830 3842 ‘turpiter
2878 3750 2979 3817 in-

767 3850 1226 3942 terpolaverit.
1349 3849 1529 3917 Mihi
1592 3849 1769 3919 haec
1834 3852 2210 3944 expeditior
2273 3876 2476 3943 quam
2538 3856 2746 3922 tutior
2811 3855 2979 3921 ratio

767 3952 1066 4035 videtur,
1119 3953 1574 4043 assentiorque
1613 3954 1922 4023 Porsono
1974 3966 2179 4047 atque
2205 3957 2568 4048 Elmsleio‚
2620 3956 2796 4025 haec
2847 3978 2982 4024 non

766 4056 837 4126 in
864 4056 1412 4179 interpolationis
1482 4058 1933 4149 suspicionem
1977 4061 2434 4181 ‚trahentibus
2559 4059 2981 4144 Elmsleium‚

766 4161 889 4251 qui
952 4159 1039 4229 ad
1096 4157 2276 4253 oed.Reg.1-160.1‘v’a23w3v
2345 4164 2744 4258 προέμενος
2798 4158 2981 4235 κτά-

767 4290 891 4361 νῃς
939 4256 1114 4337 ravo?
1156 4262 1472 4351 coniecit,
1536 4266 1728 4352 quod
1777 4276 2089 4358 repetens
2142 4267 2235 4335 ad
2292 4266 2591 4336 Medeae
2641 4290 2705 4338 v.
2758 4264 2979 4335 1019.

769 4376 909 4435 not.
961 4367 1027 4435 d.
1097 4366 1418 4434 audacter
1486 4389 1558 4434 se
1623 4372 2055 4464 προέμενος,
2145 4370 2529 4439 dubitanter
2594 4366 2691 4444 ἲν
2751 4393 2979 4440 emen-

771 4470 936 4537 dare
987 4470 1182 4559 dixit,
1253 4494 1386 4564 ego
1440 4470 1718 4562 quidem
1770 4495 1901 4542 non
1958 4472 2267 4544 debuisse
2332 4476 2788 4573 προθέμενος
2830 4496 2977 4545 ιιιιι-
