3259 5275
1157 521 1329 585 Lm.
1371 523 1417 589 Ι.
1503 520 1694 586 cAP.
1730 528 1794 590 2.
2540 532 2587 595 Ἰ

370 731 571 779 unum
602 708 882 800 aliquod
912 711 1297 793 verborum,
1349 735 1526 803 quae
1557 735 1715 785 cum
1746 716 1863 786 illo
1892 716 2108 787 verbo
2134 741 2337 788 unam
2367 741 2583 789 enun-

372 814 722 882 ciationem
764 814 1101 897 efficiunt,
1174 817 1492 886 collocari
1533 841 1812 890 necesse
1859 830 1978 891 est.
2084 822 2228 890 Sed
2266 822 2583 892 differunt

371 918 542 984 eain
570 940 648 984 re
686 917 958 1006 aliquid.
1052 917 1202 993 *Ar
1231 920 1409 990 enim
1436 944 1647 1011 quum
1687 945 1825 992 non
1854 924 1937 993 sit
1973 926 2313 1009 enclitica‚
2366 935 2435 994 et
2475 934 2582 993 ta·-
2701 965 2710 974 ·

368 1044 522 1089 men
571 1020 757 1088 initio
810 1023 973 1112 poni
1016 1033 1345 1112 nequeat,
1412 1035 1726 1117 apertum
1777 1038 1879 1096 est
1931 1030 2093 1121 poni
2138 1052 2291 1098 eam
2331 1028 2586 1097 debere

368 1133 523 1214 post
555 1146 793 1193 eorum
833 1125 1113 1215 aliquod
1147 1128 1668 1217 vocabulorum,
1720 1130 1812 1198 ad
1858 1154 2146 1221 quonum
2193 1132 2585 1202 sententiam

372 1227 899 1295 constituendam
928 1230 1235 1320 pertinet.
1338 1233 1496 1305 Ke'r
1531 1243 1793 1318 autem,
1844 1257 2019 1324 quae
2059 1236 2246 1327 quod
2282 1235 2587 1304 enclitica

372 1340 469 1398 cst
483 1378 504 1415 ,
557 1331 644 1398 ab
690 1331 1071 1423 incipienda
1102 1334 1404 1403 oratione
1447 1345 1746 1424 arcetur,
1800 1337 2001 1406 etiam
2041 1350 2196 1409 ante
2232 1361 2317 1407 ea
2354 1338 2584 1425 verba,

370 1433 457 1501 ad
507 1455 795 1522 quorum
840 1436 1234 1505 seutentiam
1289 1439 1615 1529 pertinet,
1681 1441 1846 1532 poni
1895 1451 2153 1533 potest,
2213 1439 2583 1510 dummodo

372 1537 591 1625 aliqua
622 1559 755 1605 vox
801 1538 868 1606 in
910 1539 1153 1607 eadem
1193 1542 1686 1610 constructione
1720 1543 2081 1613 verborum
2122 1543 2580 1638 praecesserit.
2681 1591 2686 1594 ψ

372 1640 548 1709 Hinc
576 1640 915 1709 Homerus
953 1642 1141 1710 lliad.
1173 1671 1234 1732 χ.
1271 1643 1391 1715 2⁰.
1428 1645 1626 1726 dixit,
1663 1641 1731 1741 ἦ
1763 1641 1833 1718 α’
1867 1645 1959 1718 ἄν
1985 1648 2349 1744 τισαίμην.
2453 1645 2583 1715 Al..

373 1753 513 1810 tera
552 1743 882 1833 particula
911 1746 964 1813 si
1012 1746 1108 1813 uti
1147 1746 1492 1835 voluisset,
1547 1747 1852 1834 dixisset,
1904 1746 1953 1847 ἦ
1985 1752 2069 1825 κε’
2099 1776 2178 1824 σε
2220 1746 2582 1846 τισαίμην.

373 1846 463 1914 Ει
494 1846 684 1935 quod
719 1847 904 1916 idem
935 1848 1162 1940 posuit
1190 1849 1380 1921 lliad.
1409 1877 1474 1946 η.
1509 1845 1679 1922 125.

572 1993 621 2094 ἦ
647 2025 724 2073 κε
747 1994 923 2092 μέγ’
955 1993 1284 2093 οἰμώξειε
1312 2002 1540 2096 γέρων
1572 1998 1937 2102 ἱππηλάτα
1980 1997 2301 2102 Πηλεύς)

376 2152 675 2243 Syagms
705 2152 888 2244 apud
930 2152 1361 2222 Herodotum
1390 2137 1541 2222 vuss
1576 2152 1748 2223 159.
1791 2156 1917 2224 nisi
1950 2157 2018 2224 in
2043 2157 2243 2224 alium
2272 2156 2588 2226 voluisset

376 2277 636 2323 versum
666 2254 1014 2324 heroicum
1050 2266 1440 2326 convertere
1457 2306 1481 2345 ,
2443 2313 2452 2322 .

574 2403 621 2504 ἦ
650 2436 727 2481 κε
752 2403 923 2502 μέγ’
953 2402 1324 2502 οἷμώξειεν
1353 2406 1396 2481 ὁ
1429 2407 1833 2507 Πελοπίδης
1858 2404 2340 2524 ’Λγαμέμιζων
2360 2460 2380 2496 ,

352 2586 574 2656 ,prosa
636 2562 939 2630 oratione
987 2563 1214 2632 dicere
1261 2562 1644 2652 debuisset,
1704 2557 1756 2657 ἦ
1813 2562 2002 2656 μέγα
2049 2562 2146 2635 ἄν
2173 2557 2590 2657 ansflede-seen.

375 2674 464 2736 At
494 2665 719 2746 ὄντως
748 2664 839 2738 ἄν
873 2692 953 2739 σε
978 2666 1323 2762 τισαίμην
1353 2668 1601 2736 licebat
1636 2665 1789 2737 dici.
1889 2667 2134 2758 Neque
2166 2669 2341 2737 enim
2367 2666 2593 2748 ὄντως

263 2763 274 2775 ’
375 2770 701 2860 loquentis
740 2767 1169 2838 affectionem
1210 2772 1447 2858 animi,
1498 2780 1574 2839 ut
1599 2766 1677 2867 ἧ,
1729 2766 1850 2838 sed
1879 2771 2012 2856 rei,
2063 2770 2153 2840 de
2193 2794 2327 2861 qua
2367 2791 2590 2846 sermo

376 2883 505 2958 est,
551 2872 915 2963 quamdam
955 2873 1408 2944 conditionem
1436 2873 1707 2957 indicat.
1815 2872 2012 2957 Quae
2042 2874 2140 2943 vis
2172 2897 2381 2965 quum
2423 2874 2593 2943 inest

376 2978 441 3043 in
482 2975 858 3068 particulis,
907 2998 1085 3064 quae
1124 3001 1209 3047 ea
1240 2980 1644 3068 plerumque
1677 2986 1945 3063 carent,
2010 2985 2151 3046 tum
2183 2979 2372 3068 ipsae
2412 2998 2591 3066 quo-

376 3102 506 3168 que
530 3081 750 3147 statim
768 3101 807 3145 a.
836 3081 1164 3170 particula
1192 3082 1284 3154 ἄν
1314 3081 1533 3172 excipi
1558 3089 1873 3171 possunt:
1913 3090 1989 3147 ut
2019 3079 2166 3168 καί,
2194 3082 2311 3150 ubi
2337 3102 2494 3147 cum
2519 3079 2593 3145 vi

377 3182 669 3273 quadam
712 3181 965 3250 dictum
997 3184 1233 3252 fortius
1272 3184 1753 3277 pronunciatur
1771 3232 1792 3266 ,
1843 3204 1929 3252 re
1969 3206 2154 3252 vera
2186 3183 2593 3276 significans,

379 3296 449 3354 ut
483 3284 671 3378 apud
709 3284 1136 3355 Herodotum
1177 3287 1297 3361 lv.
1343 3285 1516 3355 118.
1565 3285 1692 3358 καὶ
1729 3284 1823 3356 ἄν
1874 3280 2152 3380 ἐδήλου.
2232 3287 2596 3354 Praeterea

380 3388 713 3479 quaedam
750 3389 1168 3459 inveniuntur
1204 3391 1608 3477 locutiones,
1661 3409 1837 3478 quae
1877 3389 2141 3457 duobus
2175 3387 2492 3456 membris
2528 3387 2594 3455 in

382 3516 583 3561 unum
613 3493 968 3560 contractis
987 3494 1184 3562 etiam
1214 3494 1617 3585 particulam
1643 3490 1736 3562 ἄν
1762 3514 1803 3558 a
1825 3493 2105 3586 propria
2133 3492 2270 3560 eius
2292 3491 2453 3560 sede
2480 3513 2594 3559 re-

381 3597 651 3681 vellunt,
686 3603 763 3664 ut
776 3596 1190 3665 usitatissima
1208 3597 1499 3665 formula
1515 3591 1647 3668 οὐκ
1663 3590 1806 3667 οἷδ’
1837 3595 1929 3668 ἄν
1948 3599 2017 3669 εἰ
2043 3594 2399 3684 πείσαιμι.
2451 3592 2596 3663 Sed

381 3699 464 3768 de
477 3699 581 3768 his
600 3698 776 3766 infra
804 3721 927 3766 suo
954 3701 1125 3771 loco.
1172 3699 1503 3769 caeterae
1531 3698 2051 3785 coniunctioneS,
2086 3721 2262 3789 quae
2295 3698 2597 3788 incipere

380 3804 747 3870 orationem
764 3814 1126 3891 nequeunt,
1177 3826 1383 3893 quum
1402 3803 1621 3871 statim
1635 3810 1793 3894 post
1807 3803 2099 3894 primam
2113 3824 2354 3870 vocem
2372 3801 2593 3869 collo-

385 3907 513 3974 cari
527 3907 806 3991 soleant,
817 3914 1189 3997 naturaque
1203 3930 1324 3975 sua
1338 3906 1427 3974 ad
1442 3906 1698 3973 initium
1711 3905 2026 3974 orationis
2041 3906 2440 3998 pertineant,
2451 3903 2597 3972 iure

385 4009 513 4077 hoc
542 4009 802 4078 habent
833 4011 1294 4102 praecipuum,
1346 4020 1420 4077 ut
1456 4018 1525 4077 et
1550 4007 1644 4080 ἄν
1669 4016 1741 4077 et
1766 4009 1908 4095 κέν,
1963 4019 2036 4077 ιιι
2058 4032 2234 4099 quae
2265 4007 2353 4075 ad
2382 4008 2599 4100 ipsam

340 4144 347 4151 ·
386 4114 772 4183 sententiam
815 4123 1161 4203 spectent,
1214 4121 1374 4207 post
1412 4136 1527 4181 eas
1554 4113 1721 4205 poni
1747 4111 2058 4182 debeant.
2161 4111 2369 4181 Tales
2422 4109 2599 4195 dico,

386 4226 455 4285 ut
478 4219 641 4307 μέν,
673 4218 780 4303 δέ,
813 4217 926 4306 τέ,
972 4209 1153 4310 γάρ.
1177 4216 1351 4309 ἄρα,
1388 4216 1525 4306 μὲν
1559 4209 1728 4310 γάρ,
1756 4217 2037 4309 μέντοι.
2099 4216 2245 4287 Sed
2274 4214 2409 4283 hae
2435 4237 2599 4305 pat-

388 4320 619 4389 ticulae
644 4340 859 4410 quum
894 4322 1160 4413 longius
1189 4343 1232 4388 a
1270 4320 1606 4413 principio
1640 4331 1942 4390 remotae
1972 4320 2113 4389 aliis
2142 4318 2363 4388 verbis
2392 4314 2599 4384 subii-

391 4424 642 4493 ciuntur
668 4472 690 4507 ‚
741 4433 927 4493 recte
966 4423 1323 4518 praecedit
1347 4422 1440 4495 ἄν
1472 4423 1582 4490 vel
1611 4423 1748 4495 κέν.
1852 4425 2006 4493 Alia
2047 4424 2218 4492 ratio
2256 4429 2357 4489 est
2387 4419 2601 4510 parti-

394 4527 680 4619 cularum
710 4529 1358 4616 ratiocinativum,
1409 4535 1487 4595 ut
1512 4524 1695 4624 ἄρα,
1747 4526 1957 4625 offa-og,
2011 4522 2167 4607 οὖν,
2221 4545 2397 4613 quae
2424 4544 2600 4591 nunc
