3259 5275
974 471 1385 542 '12113..11
1473 475 1792 544 CARI.
2465 482 2555 546 ‘rt

323 670 415 739 At
451 676 568 736 ant
601 663 886 758 uterque
928 666 1170 737 modus
1204 691 1335 760 per
1374 690 1449 736 se
1487 667 1667 735 solus
1708 667 1984 759 plenam
2025 666 2239 737 efficit
2276 676 2548 738 senten-

323 753 518 859 tiam,
571 794 782 861 quum
806 794 945 838 non
988 771 1202 839 minus
1236 773 1501 862 ἴωμεν,
1555 794 1768 860 quum
1812 767 2186 869 ευτυχοιήν
2223 772 2363 841 sine
2411 775 2550 842 ullo

323 877 450 944 alio
480 875 697 942 verbo
732 874 993 942 dicatur
1008 926 1029 962 ,
1082 885 1200 943 aut
1242 883 1500 947 neuter.
1606 874 1773 942 Vtra
1812 875 2036 944 verior
2067 875 2237 943 ratio
2268 876 2387 962 sit,
2436 876 2550 945 hic

320 979 485 1047 nihil
527 978 768 1046 attinet
808 979 1058 1067 quaeri.
1166 978 1342 1047 Satis
1379 987 1481 1046 est
1519 977 1898 1046 meminisse
1919 1029 1940 1065 ,
1990 988 2354 1069 utrumque
2393 1002 2548 1050 mo-

248 1169 249 1172 *
319 1083 485 1150 dum
521 1105 671 1150 esse
716 1077 1233 1174 assumptivum,
1286 1081 1409 1149 sed
1450 1081 1667 1150 altero
1704 1084 1999 1173 cogitata
2032 1083 2235 1169 sumi,
2288 1083 2404 1172 qui
2449 1091 2552 1151 est

320 1186 699 1278 optativus3
752 1184 963 1253 altero
998 1186 1198 1272 facta,
1251 1207 1457 1274 quem
1486 1185 1981 1253 coniunctivum
2011 1175 2350 1254 vocamus.
2418 1188 2550 1255 At—

318 1312 454 1380 que
493 1289 564 1356 in
610 1288 917 1380 cogitatis
972 1311 1110 1357 non
1164 1288 1542 1377 quaerimus
1589 1288 1981 1357 eveniantne
2025 1311 2114 1356 an
2152 1312 2288 1357 non
2305 1339 2327 1376 ,
2394 1290 2552 1379 quia

319 1394 570 1461 scimus
599 1392 670 1460 in
705 1392 850 1460 sola
882 1392 1288 1484 cogitatione
1317 1392 1606 1477 versari3
1661 1414 1838 1481 quae
1871 1402 2098 1460 autem
2124 1401 2198 1460 ut
2225 1393 2408 1460 facta
2438 1416 2550 1462 su-

320 1497 565 1565 mimus
584 1546 605 1582 ,
674 1496 1121 1587 experientiae
1179 1495 1740 1587 comprobatione
1781 1494 2087 1589 indigent
2100 1543 2123 1582 ‚
2186 1504 2264 1564 ut
2303 1515 2551 1566 verene

319 1622 406 1668 an
434 1600 613 1667 falso
637 1609 906 1691 sumpta
934 1598 1180 1667 fuerint
1203 1607 1547 1691 appareat.

525 1702 1038 1772 Declarabimus
1066 1701 1237 1770 haec
1267 1702 1610 1794 exemplis,
1709 1702 1814 1776 Εἰ
1842 1702 2167 1797 ἐγένετο,
2221 1703 2293 1775 εἰ
2315 1699 2550 1796 γίγνε-

322 1835 447 1881 ται
469 1858 488 1888 ,
544 1807 616 1878 εἰ
650 1798 1032 1903 γενήσεται
1068 1806 1157 1874 ad
1187 1829 1270 1875 ea
1300 1806 1715 1894 referuntur,
1769 1829 1944 1896 quae
1974 1830 2133 1875 vere
2164 1815 2549 1894 evenerunt,

321 1910 659 1996 eveniunt,
711 1918 1030 1978 eventura
1059 1918 1229 1979 sunt.
1334 1912 1442 1984 Εἰ
1465 1911 1765 2006 γένηται
1800 1932 1963 1979 vero
1989 1919 2092 1979 est
2115 1909 2183 1982 si
2210 1910 2549 2000 evenerit,
2627 1920 2632 1928 '

320 2013 532 2105 idque
567 2011 654 2081 de
694 2035 778 2081 eo
818 2012 1093 2101 dicitur,
1144 2014 1332 2103 quod
1360 2012 1733 2083 videbimus
1770 2023 1994 2083 utrum
2036 2015 2329 2102 eveniat,
2379 2036 2552 2082 nec-

320 2141 442 2200 ne3
496 2119 571 2189 εἰ
605 2117 891 2209 γένοιτο
937 2126 1196 2206 autem,
1248 2118 1316 2189 si
1365 2118 1684 2200 eveniat,
1738 2115 1927 2208 quod
1963 2126 2189 2186 mente
2232 2118 2548 2209 fingimus

322 2221 592 2290 evenire
609 2268 631 2305 ‚
684 2219 823 2289 sive
864 2223 1114 2313 possit,
1166 2223 1305 2292 sive
1354 2231 1667 2313 nequeat.
1770 2223 2108 2314 Apertum
2150 2229 2284 2307 est,
2333 2220 2403 2288 in
2440 2220 2549 2288 in-

322 2323 613 2393 dicativo
654 2326 1003 2394 veritatem
1044 2327 1205 2394 facti
1250 2335 1329 2395 ut
1368 2315 1790 2419 exploratam
1824 2324 2108 2417 respici3
2159 2324 2229 2408 in
2268 2323 2548 2391 coniun-

323 2428 502 2496 ctivo
552 2449 701 2495 rem
741 2430 911 2496 sumi
964 2430 1376 2521 experientia
1424 2427 2041 2521 comprobandam3
2119 2426 2193 2495 in
2246 2427 2550 2518 optativo

323 2530 617 2600 veritatis
646 2531 974 2601 rationem
1004 2532 1241 2602 haberi
1268 2535 1538 2619 nullam,
1590 2533 1714 2602 sed
1748 2533 2224 2624 cogitationem
2248 2539 2549 2625 tantum-3

324 2632 532 2703 modo
565 2634 872 2704 indicari:
928 2646 999 2704 ιιι
1037 2638 1092 2706 si
1132 2638 1374 2706 eadem
1408 2637 1777 2706 distinctius
1820 2637 1982 2705 velis
2010 2645 2213 2727 atque
2245 2634 2550 2730 explica-

321 2739 449 2806 tius
464 2738 715 2822 (licere,
747 2738 919 2808 haec
935 2739 1221 2810 habeas:
1247 2741 1316 2809 in
1329 2740 1709 2828 indicativo,
1742 2749 1874 2809 aut
1902 2748 2034 2828 est,
2062 2749 2195 2810 αιιι
2218 2762 2363 2808 mm
2400 2747 2551 2809 est:

322 2843 460 2911 sed
504 2836 788 2919 nescio,
857 2842 991 2921 sit,
1055 2867 1316 2927 necne3
1379 2845 1448 2912 in
1499 2844 1955 2930 coniunctivo,
2023 2852 2157 2914 aut
2201 2851 2348 2930 est,
2417 2849 2553 2913 aut

320 2968 465 3014 nou
491 2953 645 3026 est‚·
695 2946 832 3015 sed
862 2947 1312 3040 experientia
1364 2944 1690 3037 docebit,
1741 2947 1873 3037 sit,
1926 2968 2183 3028 necne3
2231 2946 2300 3014 in
2346 2953 2552 3037 opta-

323 3049 531 3117 tativo
553 3097 574 3133 ‚
630 3057 763 3119 aut
791 3058 902 3120 est
931 3059 1062 3119 aut
1092 3073 1237 3121 non
1264 3058 1411 3121 est.-
1456 3052 1593 3120 sed
1621 3072 1828 3120 sumo
1860 3072 2056 3140 esse,
2095 3048 2553 3121 etiamsinon

323 3151 440 3222 sit.
547 3151 695 3220 lam
733 3152 787 3221 si
833 3153 1096 3243 quaeris
1128 3154 1293 3246 quid
1334 3154 1407 3223 hi
1448 3155 1636 3223 modi
1671 3154 2083 3247 significent,
2137 3175 2347 3244 quum
2393 3174 2552 3220 ver-

323 3256 486 3324 bum
549 3254 808 3324 nudum
850 3258 1156 3348 ponitur,
1222 3252 1296 3326 id
1336 3258 1459 3326 etsi
1499 3257 1742 3325 Latina
1783 3258 2016 3349 lingua
2059 3279 2196 3325 non
2242 3255 2366 3324 nisi
2420 3276 2554 3346 pa·

323 3359 652 3451 ambages
691 3360 1009 3452 explicari
1040 3370 1302 3453 potest,
1355 3360 1544 3450 quod
1576 3361 1693 3450 qui
1727 3360 1926 3428 huius
1957 3361 2228 3452 linguae
2266 3358 2551 3427 coniun-

323 3464 535 3531 ctivus
569 3473 852 3531 vocatur
866 3514 887 3546 ‚
937 3487 1014 3545 re
1052 3487 1216 3533 vera
1259 3465 1594 3555 optativus
1635 3472 1772 3545 est,
1824 3462 1950 3532 sed
1991 3464 2104 3532 ille
2145 3461 2342 3531 simul
2382 3483 2550 3530 con-

321 3564 593 3635 iunctivi
640 3566 870 3635 officio
913 3567 1240 3660 fungens-t
1306 3576 1537 3636 tamen
1588 3566 1971 3637 huiusmodi
2035 3590 2182 3636 esse
2229 3574 2551 3659 apparet:

266 3738 273 3744 .
320 3668 649 3762 γίγνεται
707 3679 811 3739 est
831 3668 986 3766 fit,
1039 3670 1126 3740 de
1172 3694 1298 3757 eo,
1352 3668 1540 3762 quod
1587 3672 1668 3739 fit
1716 3694 1913 3740 vere:
1963 3668 2332 3768 γίγνηται,
2358 3667 2554 3765 fieri

320 3771 751 3865 reperiatur
773 3827 794 3863 ,
847 3774 934 3843 de
976 3796 1096 3862 eo,
1148 3774 1339 3866 quod
1379 3797 1529 3844 esse
1556 3774 1969 3866 experientia
1996 3771 2555 3866 cognoscendum

321 3875 437 3957 sit3
492 3872 857 3969 γίγνοιτο,
906 3875 1112 3973 fiat,
1178 3877 1507 3972 opinione
1549 3878 1990 3972 cuiuspiam,
2055 3876 2144 3946 de
2193 3899 2312 3962 eo,
2365 3874 2552 3965 quod

320 3978 471 4049 fieri
488 3978 658 4067 -quis
696 3980 950 4072 cogitet
964 4030 984 4067 ,
1039 3982 1181 4050 sive
1210 3982 1366 4065 fiat,
1409 3983 1548 4050 sive
1580 4004 1722 4050 non
1761 3982 1903 4054 fiat.
2006 3981 2246 4071 ltaque
2290 3978 2553 4048 indica-

320 4081 496 4150 tivus
527 4089 632 4150 est
662 4082 957 4171 scientis,
1006 4085 1446 4176 persuasique
1479 4083 1566 4154 de
1597 4085 1878 4154 veritate
1908 4085 2043 4168 κείς
2097 4083 2552 4153 coniunctivus

323 4184 583 4254 debere
625 4183 791 4274 quid
840 4186 990 4256 fieri
1035 4186 1465 4282 intelligentis
1482 4234 1503 4272 ‚
1568 4210 1650 4256 ac
1687 4198 2061 4282 propterea
2075 4186 2551 4280 ,exspectantis

324 4287 491 4378 quid
541 4289 843 4373 eveniat;
910 4292 1245 4383 optativus
1296 4291 1651 4385 cogitantis
1701 4292 1869 4384 quid
1921 4293 2072 4361 fieri
2088 4339 2110 4377 ‚
2167 4290 2290 4360 sed
2328 4311 2553 4380 neque

326 4413 412 4458 an
437 4392 561 4460 fiat
575 4442 599 4474 ‚
648 4414 874 4483 neque
910 4418 999 4463 an
1040 4396 1254 4488 possit
1285 4397 1435 4465 fleri
1463 4396 1864 4486 quaerentis,
1969 4395 2081 4465 Ex
2127 4393 2232 4463 his
2269 4392 2552 4485 intelligi

328 4504 554 4585 potest
572 4546 598 4583 ‚
662 4497 785 4587 qui
821 4498 1078 4569 factum
1121 4501 1242 4586 sit,
1303 4509 1381 4569 ut
1419 4499 1878 4569 coniunctivus
1927 4508 2132 4590 atque
2189 4494 2549 4589 optativus,
