3259 5275
759 516 888 579 188
1429 511 1546 574 ΒΕ
1613 508 2168 573 PARTICVLA
2211 505 2303 575 ἂν

1820 755 1910 831 V.

1414 909 1563 980 De
1629 909 1754 984 ἄν
1816 909 2318 1005 repetito.

969 1064 1452 1156 Pervulgatum
1484 1075 1586 1133 est
1607 1116 1627 1149 ,
1683 1063 1774 1138 ἄν
1811 1064 2171 1132 indicativo
2218 1073 2287 1133 et
2334 1062 2634 1155 optativo
2680 1063 2979 1131 iunctum

760 1167 983 1235 iterari
1001 1216 1021 1251 ‚
1073 1177 1147 1236 ut
1178 1168 1280 1235 bis
1311 1178 1496 1237 terve
1534 1169 1599 1236 iu
1635 1167 1877 1236 eadem
1906 1169 2230 1236 sententia
2258 1167 2555 1258 positum
2585 1166 2975 1236 inveniatur.

760 1268 1028 1338 Eadem
1058 1272 1227 1339 ratio
1260 1270 1442 1338 cadit
1473 1264 1672 1339 etiam
1705 1272 1772 1338 iu
1801 1271 2193 1339 infinitivum
2227 1281 2295 1339 et
2316 1271 2770 1362 participium,
2825 1272 2981 1360 quia

760 1372 895 1442 hae
921 1374 1108 1441 verbi
1131 1383 1359 1467 partes
1388 1373 1552 1442 nihil
1577 1374 1702 1442 uisi
1731 1397 2122 1443 conversam
2150 1397 2234 1442 ex
2256 1373 2616 1443 indicativo
2642 1374 2754 1441 vel
2785 1384 2980 1465 opta-

762 1477 901 1544 tivo
935 1476 1308 1546 orationem
1346 1479 1703 1546 continent.
1808 1478 1953 1547 Sed
1987 1478 2057 1546 id
2103 1500 2240 1545 non
2270 1486 2527 1546 temere
2562 1477 2710 1544 fieri
2752 1499 2981 1569 posse,

760 1595 1005 1671 sponte
1048 1590 1258 1671 patet.
1364 1580 1536 1650 Sunt
1577 1592 1803 1649 autem
1857 1581 1994 1649 duo
2040 1580 2262 1668 modi,
2329 1580 2569 1670 quibus
2616 1580 2839 1672 repeti
2889 1578 2979 1653 ἄν

757 1692 1006 1776 potest,
1046 1707 1235 1771 ιιιιιιε,
1270 1706 1480 1774 quum
1508 1685 1815 1776 pluribus
1845 1684 2067 1753 verbis
2094 1683 2503 1776 interpositis
2533 1683 2620 1750 ab
2649 1705 2734 1751 eo
2765 1684 2979 1752 verbo

761 1787 1036 1876 quicum
1068 1788 1388 1880 coniungi
1417 1787 1667 1858 debeat
1689 1787 1953 1880 lougius
1989 1789 2291 1856 avulsum
2321 1796 2456 1873 est,
2509 1809 2715 1877 quam
2740 1797 2819 1855 ut
2846 1808 2979 1855 uon

757 1889 1063 1979 vjideatur
1093 1891 1501 1960 concinnitas
1530 1892 1843 1959 orationis
1870 1892 2337 1983 repetitionem
2378 1891 2719 1980 requirere
2733 1942 2755 1978 ‚
2810 1892 2981 1959 alter

757 1993 875 2082 qui
905 2003 1009 2062 est
1049 1993 1256 2088 longe
1295 1994 1868 2085 frequentissimus
1887 2045 1907 2081 ‚
1961 2017 2170 2085 quum
2208 1996 2278 2062 in
2319 2004 2518 2087 parte
2565 1994 2790 2084 aliqua
2830 2017 2979 2063 sen·

756 2097 1000 2166 tentiae
1041 2097 1338 2171 iteratur.
1441 2098 1653 2168 Plane
1688 2098 1865 2167 enim
1906 2097 2148 2167 eadem
2170 2097 2371 2166 huius
2404 2098 2772 2190 particulae
2808 2100 2979 2166 ratio

758 2210 892 2286 εει,
945 2224 1121 2290 quae
1153 2211 1254 2270 est
1291 2202 1746 2294 negationum.
1849 2200 2121 2269 Etenim
2158 2199 2734 2292 quemadmodum
2768 2224 2979 2291 quum

759 2302 851 2370 ad
868 2312 1080 2372 totam
1105 2304 1499 2373 sententiam
1511 2306 1808 2397 pertinet
1830 2306 2126 2396 negatio,
2155 2307 2380 2374 iterari
2404 2305 2471 2371 iu
2491 2305 2795 2397 partibus
2814 2305 2976 2395 qui-

759 2405 1049 2475 busdam
1077 2407 1284 2493 solet,
1330 2417 1403 2474 ut
1439 2403 1568 2480 οὐκ
1612 2409 1812 2482 ἔστιν
1846 2403 2124 2487 οὐδείς,
2170 2410 2264 2477 sic
2302 2409 2542 2498 etiam,
2593 2430 2807 2497 quum
2836 2418 2978 2476 tota

761 2510 1083 2579 sententia
1132 2509 1591 2579 conditionalis
1636 2520 1770 2596 est,
1833 2511 2123 2579 refertur
2168 2535 2249 2580 ea
2301 2511 2594 2580 conditio
2644 2512 2846 2580 etiam
2890 2511 2978 2580 ad

758 2622 986 2705 partes
1038 2614 1176 2682 εἰιιε
1217 2614 1590 2707 primarias.
1695 2614 1804 2684 De
1848 2608 1930 2683 e'a
1974 2638 2051 2684 re
2100 2615 2236 2684 dixi
2278 2614 2369 2684 ad
2408 2614 2635 2708 Viger.
2679 2640 2752 2709 p.
2800 2613 2972 2685 814.

757 2739 952 2806 seqq.
1057 2717 1230 2786 Sunt
1269 2729 1493 2788 autem
1542 2727 1774 2812 partes
1823 2719 1978 2787 illae
2017 2721 2183 2789 tales
2200 2770 2221 2807 ,
2288 2730 2364 2788 ut
2402 2718 2657 2787 addant
2701 2720 2974 2810 aliquid,

759 2819 947 2909 quod
969 2821 1084 2889 illa
1111 2822 1498 2915 principalis
1523 2823 1889 2892 sententiae
1914 2824 2172 2892 ratione
2201 2822 2552 2892 afficiatur.
2656 2823 2740 2891 ld
2764 2823 2972 2892 modo

759 2932 860 2992 εει
886 2925 1350 3018 participium,
1402 2936 1476 2995 ut
1506 2928 1574 2995 iu
1610 2922 1790 2995 Oed.
1820 2925 1908 2995 R.
1951 2924 2125 2995 828.

963 3074 1091 3174 ἆρ’
1144 3076 1274 3153 οὐκ
1325 3075 1463 3153 ἀπ’
1513 3076 1723 3173 ω’μοῦ
1774 3078 2012 3152 ταῦτα
2068 3072 2413 3172 δαίμονός
2463 3106 2574 3160 τις
2625 3078 2718 3151 ἄν

961 3181 1221 3280 κρίνων
1276 3178 1397 3258 ἐπ’
1448 3179 1660 3280 ἀνδρὶ
1710 3179 1886 3279 τῷδ’
1939 3181 2032 3255 ἄν
2084 3178 2353 3280 όρθοίη
2408 3176 2623 3275 λόγον
2638 3209 2667 3274 ‚·

756 3336 966 3406 modo
998 3337 1294 3406 conditio
1325 3338 1515 3405 aliter
1540 3315 1890 3430 expressa,
1941 3345 2016 3403 ut
2038 3336 2107 3404 in
2137 3335 2412 3404 Electra
2439 3359 2502 3402 v.
2537 3334 2709 3407 333.

1922 3485 2096 3571 οἴετ’
2147 3488 2238 3562 ἄν
2290 3490 2361 3562 εἰ
2409 3490 2666 3568 σθένος

962 3586 1309 3688 λάβοιμι,
1364 3588 1764 3694 δηλώσαιμ’
1815 3592 1908 3666 ἄν
1962 3588 2067 3667 οἷ’
2120 3588 2370 3690 αὐτοῖς
2420 3589 2698 3689 φρονῶ·

755 3759 825 3816 et
852 3748 920 3817 in
957 3749 1188 3842 Antig.
1219 3745 1394 3820 466.

1750 3897 1917 3976 ἀλλ’
1961 3900 2054 3974 ἄν
2107 3901 2179 3975 εἰ
2222 3892 2358 3973 τόν
2409 3903 2481 3982 ἐξ
2533 3896 2704 3993 ἐμῆς

959 3998 1239 4100 μητρός
1290 3997 1609 4080 θανόντ’
1665 4001 2014 4081 ἄθαπτον
2066 3999 2379 4101 ἑσχόμην
2430 4003 2680 4089 νέκυν,

961 4108 1220 4189 κείνοις
1271 4106 1380 4181 ἄν’
1414 4106 1719 4207 ἤλγουν·

752 4271 821 4330 ει
852 4261 920 4329 in
963 4258 1141 4334 Oed.
1171 4263 1264 4336 R.
1298 4260 1522 4336 1438.

957 4416 1212 4513 ἕδραο’
1266 4413 1402 4505 ἄν,
1456 4412 1538 4490 εὖ
1586 4410 1801 4489 τοῦτ’
1854 4409 2018 4487 ἴσθ’
2074 4411 2209 4501 ἄν,
2266 4413 2336 4484 εἰ
2381 4402 2488 4506 μή
2531 4411 2671 4484 τοῦ
2726 4413 2907 4486 θεοῦ

960 4512 1327 4619 πρώτιστ’
1380 4520 1676 4618 ἔχρῃζον
1727 4521 2079 4613 ἐκμαθεῖν
2131 4513 2209 4589 τί
2259 4514 2640 4610 πρακτέον.
