3259 5275
763 492 849 553 ω
1159 489 1163 504 ‘
1438 485 1551 544 nn
1625 484 2172 544 ΡΔιιΤιονιΑ
2218 480 2312 549 ἄν

764 678 993 769 Saepe
1020 697 1183 742 vero
1216 675 1418 742 etiam
1452 672 1544 741 ad
1573 665 2033 766 praeteritum,
2088 674 2416 743 eiusmodi
2446 674 2746 765 quidem,
2803 675 2995 767 quod

765 779 1259 849 diuturnitatem
1291 778 1586 867 aliquam
1624 778 1736 846 vel
1765 777 2238 869 repetitionem
2265 777 2426 848 facti
2459 779 2771 852 continet.
2838 779 2996 849 He-.-

762 883 1041 953 rodotus
1071 882 1124 949 1.
1160 879 1286 950 68.
1326 876 1375 977 ἦ
1409 905 1540 954 κου
1571 906 1693 970 αν,
1749 908 1803 952 ω
1838 886 2017 962 ξεῖνε
2045 874 2343 970 Λάκων,
2399 884 2600 978 εἴπερ
2634 879 2813 964 εἶδες
2844 877 2995 955 τοὶ-

764 1011 897 1083 περ
935 977 1107 1078 ἐγω,
1154 1011 1390 1078 napta
1426 982 1519 1056 ἂν
1561 977 1997 1074 ἑθωύμαζες.
2104 983 2439 1055 Miratus
2487 1007 2708 1057 esses.
2811 986 2998 1055 Vide

766 1112 916 1181 cap.
945 1086 1118 1156 170.
1169 1087 1289 1155 ΠΙ.
1322 1081 1444 1157 25.
1496 1085 1578 1154 V.
1611 1085 1734 1154 48.
1787 1086 1968 1154 vul.
2002 1085 2121 1155 30.
2172 1088 2521 1181 Aristoph.
2553 1091 2734 1158 Nub.
2768 1086 2996 1161 1056.

763 1191 1113 1283 Antiphon
1166 1214 1237 1284 p.
1267 1185 1441 1258 625.
1487 1186 1663 1261 644.
1712 1184 1886 1260 645.
1932 1186 2107 1259 688.
2160 1189 2334 1262 716.
2380 1191 2556 1265 718.
2596 1192 2771 1261 721.
2814 1191 2996 1266 733.

766 1293 939 1368 734.
1020 1293 1399 1362 Dinarchus
1449 1315 1522 1384 p.
1586 1292 1706 1362 10.
1783 1293 2141 1386 Lycurgus
2188 1318 2259 1387 p.
2327 1293 2503 1370 179.
2600 1296 2999 1365 Andocides

763 1422 839 1491 p.
869 1396 994 1471 12.
1029 1391 1153 1469 50.
1206 1396 1433 1464 Isaeus
1462 1418 1538 1488 p.
1570 1392 1695 1469 53.
1750 1395 1988 1487 Lysias
2027 1420 2104 1490 p.
2137 1395 2309 1469 171.

968 1499 1625 1591 Plusquamperfecti
1665 1521 1801 1567 non
1847 1498 2138 1568 obscura
2183 1501 2354 1568 ratio
2398 1510 2518 1568 est.
2623 1501 3004 1571 Aeschines

761 1606 829 1671 in
855 1602 1158 1729 Ctesiph.
1188 1626 1265 1695 Ρ.
1299 1601 1476 1675 643.
1514 1626 1565 1669 s.
1618 1601 1737 1673 καὶ
1776 1603 1930 1674 ἴσαι
1979 1608 2060 1675 αἱ
2101 1604 2360 1726 ψῆφοι
2375 1599 2578 1697 αὐτῷ
2619 1606 3001 1696 ἐγένοντο·

766 1707 941 1779 εἰδὲ
974 1704 1113 1798 μία
1156 1699 1391 1797 μόνον
1432 1704 1865 1797 μετέπεσεν,
1919 1699 2365 1826 ὕπεροὶριστ
2408 1704 2545 1794 ἄν,
2600 1704 2648 1803 ἢ
2695 1702 3002 1780 ἀπέθα-

762 1837 905 1882 rev
973 1808 1329 1900 A'ntiphon
1378 1831 1454 1901 p.
1508 1804 1686 1878 689.
1744 1809 1816 1878 εἰ
1849 1807 2001 1927 μὲνε
2031 1800 2171 1901 γοῖρ
2218 1801 2365 1880 ὖπό
2405 1808 2553 1880 τῶν
2600 1810 2892 1907 πληγῶν
2956 1807 3002 1882 o‘

765 1905 948 2008 οἰνηρ
999 1910 1448 2033 παραχρῆμα
1494 1906 1901 1994 ἀπέθανον,
1955 1906 2087 1981 ὑπ’
2138 1909 2326 2002 ἐμοῦ
2371 1912 2531 2001 με’,ν
2587 1911 2877 1993 δικαίως
2925 1907 3006 1985 δ’

764 2042 856 2086 αν
906 2006 1299 2108 ἐτεθνήκει.
1350 2011 1742 2082 Andocides
1781 2035 1855 2105 p.
1904 2007 2029 2085 45.
2087 2015 2158 2084 εἰ
2197 2038 2337 2106 γαρ
2387 2009 2652 2109 ἦλθεν,
2721 2010 3004 2089 ἐδέδετ’

764 2115 855 2189 ἄν
886 2120 963 2189 ἑν
996 2116 1103 2210 τῷ
1132 2111 1331 2212 ξύλῳ.
1381 2114 1739 2187 Demosth.
1769 2137 1901 2207 pro
1936 2137 2075 2189 cor.
2116 2138 2191 2207 Ρ.
2226 2114 2399 2200 242,
2435 2114 2507 2189 9.
2565 2117 2721 2190 ἐπεὶ
2755 2111 2882 2191 διά
2918 2144 3008 2211 γε

766 2216 953 2313 υμᾶς
982 2213 1251 2298 αὐτους
1276 2212 1504 2293 πάλαι
1550 2245 1643 2290 αν
1676 2213 2138 2291 ἀπολώλατε.
2204 2219 2348 2287 Ita
2391 2219 2595 2293 codd.
2650 2230 2719 2288 et
2758 2241 3007 2313 gram-

763 2322 1042 2391 maticus
1087 2322 1159 2388 in
1197 2321 1504 2389 Bekkeri
1532 2320 1795 2392 Anecd.
1832 2321 1922 2393 T.
1958 2321 2012 2394 1.
2058 2345 2129 2415 Ρ.
2180 2319 2354 2408 126,
2399 2320 2521 2395 33.
2558 2324 2739 2390 Nam
2782 2346 3010 2414 prava

763 2424 1213 2513 quorumdam
1244 2424 1571 2493 librorum
1597 2422 1931 2513 scripturn
1959 2416 2407 2511 ἀπολώλατε,
2428 2449 2633 2515 quam
2661 2426 3009 2496 Matthiae

762 2529 830 2595 in
863 2549 968 2618 gr.
1016 2525 1141 2598 Gr.
1191 2520 1265 2621 §.
1301 2525 1477 2612 509,
1522 2521 1597 2599 5.
1628 2525 1699 2598 b.
1744 2548 1879 2617 pro
1910 2527 2206 2618 genuina
2253 2526 2577 2614 habebat,
2626 2528 2864 2598 addito
2907 2527 3010 2603 ἄν

762 2629 924 2698 ferti
963 2629 1148 2698 nullo
1181 2630 1392 2700 modo
1418 2639 1669 2725 potest.
1773 2629 1882 2698 Ac
1918 2629 2029 2698 vel
2059 2629 2248 2723 apud
2279 2631 2712 2702 scholiastam
2749 2632 3011 2702 Aristi-

763 2733 865 2800 dis
909 2732 1000 2805 Τ.
1054 2732 1142 2804 11.
1187 2756 1262 2826 p.
1326 2732 1498 2807 143.
1546 2754 1757 2823 quem
1815 2733 2043 2801 locum
2102 2734 2495 2805 Lobeckius
2552 2735 2644 2804 ad
2710 2737 3011 2807 Aiacem

759 2859 835 2929 p.
884 2830 1060 2909 235.
1093 2835 1439 2923 adhibuit,
1493 2829 1775 2933 ε’ἰλῆφει
1826 2836 1919 2909 ἂν
1943 2836 2133 2907 haud
2177 2846 2567 2907 cunctanter
2613 2861 2747 2932 pro
2805 2841 3009 2937 εἴλη-

764 2965 899 3033 φεν
951 2937 1043 3013 ἄν
1083 2940 1327 3034 reponi
1379 2939 1699 3013 debebat.
1818 2939 1973 3009 Alia
2011 2942 2659 3035 plusquamperfecti
2705 2965 2864 3010 cum
2909 2942 3012 3016 ἄν

761 3043 1095 3111 coniuncti
1125 3045 1440 3138 exempla
1476 3041 1665 3135 apud
1695 3040 2232 3113 Demosthenem
2259 3054 2518 3114 exstant
2548 3069 2624 3138 p.
2662 3041 2839 3132 652,
2874 3043 3007 3117 21.

758 3141 937 3231 660,
975 3144 1096 3219 20.
1137 3144 1313 3235 667,
1358 3144 1479 3220 12.
1532 3143 1708 3231 680,
1751 3142 1874 3219 27.
1922 3144 2097 3232 726,
2140 3144 2265 3220 29.
2319 3143 2497 3236 855,
2531 3146 2654 3221 27.
2712 3146 2893 3237 867,
2933 3149 3008 3221 l.

758 3245 938 3341 889,
979 3247 1101 3323 20.
1157 3248 1335 3336 901,
1374 3247 1498 3324 11.
1550 3245 1728 3334 916,
1761 3247 1883 3321 10.
1939 3248 2165 3334 1018,
2201 3248 2323 3323 14.

962 3353 1268 3422 Aoristus
1299 3354 1705 3446 plerumque
1738 3350 1827 3420 de
1855 3353 2226 3445 praeterito
2261 3361 2572 3446 tempore
2604 3360 3006 3446 usurpatur,

756 3466 830 3524 ut
860 3478 974 3548 ap.
1006 3456 1356 3549 Aristoph.
1389 3457 1566 3529 Ran.
1600 3452 1777 3527 732.

1804 3623 1997 3697 οἶσιν
2046 3618 2094 3718 η’
2145 3617 2352 3704 πόλις
2400 3624 2690 3720 προτοῦ

965 3722 1135 3801 οὐδὲ
1188 3721 1692 3824 φαρμάκοισιν
1746 3726 1900 3823 εἰκῇ
1948 3722 2209 3823 ῥᾳδίως
2257 3720 2611 3823 ἐχρήσατ’
2661 3724 2775 3798 ἄν.

758 3897 990 3984 Quum
1021 3920 1186 3966 vero
1216 3897 1305 3965 ad
1343 3919 1667 3989 praesens
1711 3906 1979 3990 tempus
2024 3896 2351 3983 refertur,
2414 3906 2513 3965 est
2555 3894 2725 3964 illud
2776 3896 2872 3965 de
2919 3922 3008 3968 eo

756 3999 948 4091 quod
977 4001 1111 4068 cito
1143 4000 1494 4093 perficitur
1532 4000 2066 4091 intelligendum.
2170 3999 2276 4066 lta
2326 3999 2514 4090 apud
2562 3979 3005 4090 Sophoclem

756 4101 937 4175 Oed.
972 4103 1063 4176 R.
1107 4101 1334 4176 1438.
1380 4124 1591 4192 quum
1625 4099 1939 4194 Oedipus
1980 4100 2286 4185 dixisset,
2333 4095 2557 4200 ρἷόν
2593 4127 2692 4193 με
2744 4102 2877 4198 γῆς
2928 4108 3005 4178 ἐκ

686 4280 701 4295 ,
752 4199 1034 4303 τῆςὸ”
988 4231 1164 4279 οσον
1214 4198 1554 4295 τάχιστα,
1613 4203 1843 4275 Creon
1875 4204 2279 4296 respondet.

855 4371 1107 4497 ἔδρασ
1158 4373 1301 4464 ἅν,
1356 4369 1440 4449 εὖ
1487 4371 1703 4450 τοῦτ’
1756 4371 1923 4449 ἴσθ’
1975 4372 2104 4461 ἄν,
2159 4377 2226 4449 εἰ
2271 4400 2376 4467 μη
2431 4372 2577 4447 τοῦ
2621 4375 2824 4449 θεοῦ

850 4502 1181 4573 πρωτιστ
1267 4480 1561 4576 ἔχρῃζον
1612 4482 1967 4574 ἐκμαθεῖν
2015 4476 2098 4551 τί
2144 4479 2528 4574 πρακτέον
