3259 5275
690 493 775 557 IV
1396 502 2196 568 PRAEFATIO.

692 705 814 756 nes
888 689 961 756 lu
1042 709 1251 759 unum
1329 691 1717 764 coniunctos
1796 695 2123 765 rationem
2188 692 2581 786 triquetram
2641 669 2900 763 habere

695 823 1080 915 crederem,
1141 827 1338 899 aliam
1389 830 1904 925 explicationem
1958 831 2313 902 admittere
2327 885 2349 923 ‚
2416 833 2502 921 si,
2555 830 2742 923 quod
2793 829 2936 899 di·-

594 1047 599 1058 ⁸
694 958 788 1030 cit
832 963 1155 1057 scriptor,

2005 1136 2180 1214 οὔτε
2218 1130 2630 1235 προςόντων
2745 1163 2749 1168 ·

1023 1265 1437 1370 α’λλοχρόων
1473 1270 1807 1372 ταύρων,
1861 1269 2031 1349 οὔτ’
2061 1275 2673 1368 ἐπιλειπομένων,
2763 1331 2770 1336 -

648 1511 657 1522 -
698 1471 797 1542 sic
847 1473 1214 1568 accipiatur
1232 1528 1256 1567 ,
1323 1485 1399 1550 ut
1463 1476 2028 1571 ἐπιλειπομένων
2092 1498 2229 1546 nou
2274 1477 2365 1545 ad
2419 1476 2664 1547 diversi
2717 1476 2912 1546 colo-

697 1611 790 1680 ris
839 1620 1067 1681 tauros
1087 1664 1109 1706 ‚
1173 1614 1217 1683 1.
1271 1637 1334 1688 e.
1388 1613 1479 1686 ad
1529 1614 1721 1682 albos
1773 1621 1843 1681 et
1883 1614 2115 1707 nigros
2130 1664 2152 1703 ‚
2217 1614 2341 1684 sed
2410 1615 2502 1683 ad
2567 1614 2747 1683 solos
2793 1636 2912 1683 eos

698 1770 951 1841 greges
1007 1750 1243 1846 duos,¹
1277 1772 1450 1841 quos
1508 1750 1914 1840 ‘triquetrum
1963 1750 2256 1820 efficere·
2297 1751 2561 1822 dixerat
2574 1802 2596 1841 ‚
2645 1750 2914 1820 refera-

697 1893 825 1953 tur.
928 1887 1179 1957 Durior
1230 1886 1507 1978 quidem
1537 1886 1712 1958 haec
1748 1888 2152 1958 constructio
2205 1898 2340 1982 est,
2393 1889 2517 1958 sed
2566 1898 2794 1970 tamen
2847 1897 2918 1957 et

697 2021 862 2092 ferri
912 2032 1142 2117 potest
1156 2076 1178 2113 ‚
1246 2034 1317 2095 et
1377 2025 1890 2094 commendatur
1953 2034 2100 2095 tum
2162 2047 2248 2095 eo
2262 2076 2284 2115 ,
2356 2025 2547 2117 quod
2615 2025 2711 2094 sic
2742 1989 2919 2095 'non

702 2182 878 2251 opus
930 2170 1031 2229 est
1064 2161 1434 2266 scripturae
1486 2164 1852 2231 mutatione
1867 2213 1889 2246 ,
1937 2171 2082 2231 tum
2122 2162 2668 2255 interpretatione
2709 2161 2920 2232 scho-

682 2297 933 2366 -liastae
947 2348 969 2385 ‚
1039 2305 1183 2366 tum
1198 2347 1220 2385 ,
1297 2296 1489 2389 quod
1557 2320 1646 2367 eo
1712 2297 1923 2369 modo
2007 2320 2147 2369 non
2232 2299 2652 2370 desideratur
2718 2298 2921 2368 ullius

701 2434 913 2527 partis
983 2441 1300 2503 accurata
1366 2423 1756 2526 descriptio.
1857 2434 2036 2504 Illud
2094 2458 2260 2505 vero
2329 2458 2469 2505 non
2522 2397 2922 2526 concedam,

707 2571 1010 2651 consulto
1077 2571 1553 2642 obscuritatem
1616 2570 2021 2666 quaesivisse
2081 2571 2565 2643 Archimedem
2578 2622 2600 2662 ,
2674 2581 2751 2642 ut
2800 2597 2920 2644 ae-

707 2710 1005 2804 nigmata
1078 2709 1268 2802 loqui
1328 2711 1757 2781 oraculorum
1841 2732 2032 2780 more
2100 2708 2472 2779 videretur:
2538 2709 2925 2802 vellemque

706 2848 810 2917 vir
860 2847 1278 2917 doctissimus
1322 2848 1525 2918 etiam
1593 2848 2009 2918 coniecturas
2076 2846 2402 2915 omisisset
2415 2896 2437 2935 ‚
2506 2868 2675 2936 quas
2743 2847 2928 2917 mul-

706 2993 810 3054 tas
859 2985 931 3055 in
993 2985 1292 3057 medium
1343 2987 1592 3077 attulit,
1646 2994 1725 3056 ut
1774 2986 1935 3054 alias
1985 3005 2420 3053 numerorum
2468 2984 2764 3053 rationes
2818 2984 2928 3053 ef-

709 3125 964 3192 ficeret.
1069 3124 1251 3193 Nam
1313 3123 1389 3193 id
1455 3146 1591 3194 nou
1663 3130 1768 3193 est
1814 3121 2180 3192 emendare
2229 3121 2503 3210 vitiosa,
2566 3119 2690 3188 sed
2743 3121 2929 3190 aliud

712 3262 1074 3357 problema
1121 3283 1532 3354 proponere.
1639 3258 2002 3330 Caeterum
2051 3252 2475 3329 multitudiue
2523 3258 2640 3326 illa
2689 3266 2925 3327 tauro-

712 3422 865 3468 rum
914 3422 996 3467 ac
1045 3401 1257 3469 boum
1297 3397 1752 3469 Mollweidius
1803 3421 1879 3467 se
1927 3420 2065 3467 non
2114 3395 2372 3466 offendi
2422 3394 2726 3464 dicebat:
2787 3416 2928 3463 non

716 3540 894 3607 enim
956 3534 1474 3624 Archimedem,
1554 3536 1745 3628 quod
1806 3534 2096 3606 nesciret
2161 3556 2369 3625 quam
2433 3554 2679 3625 pamm
2740 3542 2931 3601 tauto

715 3695 998 3744 numero
1050 3672 1386 3765 capiendo
1436 3674 1781 3744 sufficeret
1830 3673 2093 3761 Sicilia,
2162 3672 2340 3742 Solis
2411 3670 2725 3738 armentis
2781 3690 2931 3736 esse

715 3834 911 3882 usum
924 3862 945 3901 ‚
1012 3810 1136 3881 sed
1211 3819 1288 3881 ut
1358 3811 1429 3880 in
1507 3821 1675 3882 noto
1753 3832 1839 3882 ex
1899 3809 2238 3880 veteribus
2307 3805 2555 3877 fabulis
2614 3805 2930 3897 exemplo

720 3951 912 4042 quasi
961 3958 1118 4019 ante
1169 3951 1401 4021 oculos
1466 3958 1759 4044 poneret
1822 3949 2059 4017 lectori
2075 4000 2097 4039 ‚
2163 3948 2231 4015 in
2284 3968 2422 4036 quo
2476 3952 2692 4013 artem
2743 3962 2933 4011 suam

722 4087 1159 4180 computandi
1243 4089 1682 4181 experiretur.
1811 4083 1897 4155 Id
1973 4086 2164 4154 illum
2233 4083 2523 4152 arbitror
2605 4079 2930 4152 indicasse

721 4226 1082 4295 verissime.
1184 4224 1469 4297 Constat
1530 4225 1710 4295 enim
1770 4218 2068 4317 primum
2116 4220 2315 4290 huius
2365 4220 2639 4290 fabulae
2693 4220 2929 4283 aucto-

721 4380 869 4429 rem
922 4385 1067 4431 esse
1101 4362 1479 4433 Homerum
1494 4411 1518 4451 ‚
1567 4363 1689 4456 qui
1735 4363 1804 4432 iu
1844 4359 2250 4435 duodecimo
2280 4352 2638 4451 Odysseae
2662 4372 2725 4421 v.
2756 4344 2931 4417 127·

723 4495 899 4569 haec
949 4500 1222 4572 cecinit:
1516 4472 1525 4478 ’
