3259 5275
764 488 1346 550 INGREDIBILIVM
1399 487 1625 549 LIBER
1675 488 1977 552 PRIMVS.
2355 495 2487 559 845

258 686 688 779 ignoscerem
703 732 724 770 ,
807 705 935 752 nec
989 682 1352 776 periclitari
1413 682 1774 751 videbatur
1845 681 2240 752 existimatio
2303 707 2480 773 mea,
2603 673 2612 682 ’

260 787 658 883 praesertim
691 787 781 854 ab
808 808 918 873 eo,
969 787 1085 877 qui
1118 809 1267 856 eam
1302 787 1551 879 capulo
1582 786 1835 873 feriret,
1885 808 2008 854 sua
2033 805 2235 855 manu
2265 789 2480 858 aciem

260 890 698 985 prehendens
739 890 967 983 gladii.
1072 890 1260 975 Quid
1300 891 1477 959 enim
1495 941 1516 977 ,
1570 891 1624 958 si
1668 889 1814 979 quis
1853 912 1937 958 ex
1969 890 2313 994 utriusque
2350 915 2479 961 no-

102 1059 125 1074 ,
265 1005 478 1065 strum
508 993 770 1087 scriptis
800 1017 920 1081 eo,
974 1015 1113 1083 quo
1142 993 1464 1086 deinceps
1490 994 1728 1062 ordine
1756 991 1936 1061 edita
1963 1004 2136 1077 sunt,
2182 995 2298 1062 illa
2327 1017 2481 1064 om-

218 1123 249 1150 ⁴
263 1102 376 1168 nia
416 1098 771 1190 colligeret
811 1107 1015 1188 atque
1070 1107 1543 1190 componeret,
1595 1099 1662 1165 in
1711 1095 1953 1187 quibus
1994 1097 2166 1165 alter
2207 1099 2480 1169 alterius

267 1203 675 1272 mentionem
715 1202 825 1270 vel
866 1201 1253 1269 nominatim
1312 1202 1461 1287 vel,
1523 1211 1600 1269 ut
1648 1200 1765 1268 ille
1799 1200 2204 1292 plerumque
2219 1252 2240 1288 ,
2312 1225 2482 1295 sup-

264 1328 508 1401 presso
543 1307 812 1374 nomine
859 1304 1140 1374 fecimus
1155 1305 1190 1373 ?
1308 1306 1784 1394 Numquamne
1844 1304 2168 1398 cogitavit
2216 1305 2480 1375 Sohae-

269 1413 454 1478 ferus
468 1460 490 1495 ,
569 1409 734 1499 quid
800 1419 887 1477 et·
930 1409 1245 1498 aequales
1297 1431 1475 1477 nunc
1525 1407 1753 1476 dicant
1771 1455 1793 1492 ‚
1881 1416 1949 1477 et
2016 1409 2173 1477 olim
2242 1408 2484 1478 dictmi

270 1515 403 1582 sint
433 1513 688 1605 posteri
704 1561 725 1597 ‚
779 1534 1068 1603 quorum
1109 1514 1572 1604 incorruptum
1615 1510 1943 1579 iudicium
1984 1512 2110 1580 sibi
2153 1535 2292 1581 non
2333 1536 2479 1582 me-

268 1615 597 1685 tuendum
640 1623 867 1709 putat,
922 1616 978 1683 si
1016 1615 1124 1684 his
1153 1627 1292 1685 tam
1329 1616 1559 1702 claris,
1608 1624 1751 1683 tam
1781 1638 1918 1684 non
1954 1615 2173 1684 dubiis
2201 1616 2479 1685 vocibus

270 1729 637 1810 utrumque
692 1729 995 1789 nostrum
1066 1719 1154 1788 de
1214 1741 1287 1788 se
1350 1721 1572 1812 ipsum
1628 1741 1768 1810 quo
1831 1719 2052 1787 animo
2099 1719 2483 1810 quibusque
2602 1737 2608 1742 ’

273 1823 573 1893 moribus
621 1823 707 1891 sit
744 1832 1066 1891 testantes
1119 1823 1436 1922 videant?
1539 1822 1654 1891 Ad
1701 1822 1874 1891 haec
1892 1873 1911 1908 ‚
1973 1844 2149 1913 quae
2208 1823 2276 1891 in
2316 1846 2483 1892 con-

274 1935 523 2019 spectu
576 1936 730 1994 sunt
779 1926 1127 1995 hominum
1173 1928 1614 1996 litteratorum
1636 1979 1657 2016 ,
1724 1925 2072 2004 accedunt]
2101 1927 2248 2012 illa,
2310 1949 2487 2018 quae

276 2031 468 2098 domi
510 2029 695 2097 fiunt.
802 2029 946 2099 Scit
983 2031 1131 2123 ipse
1184 2053 1323 2121 quo
1368 2029 1589 2099 studio
1641 2029 1878 2117 fuerit,
1948 2052 2158 2120 quum
2204 2031 2486 2123 Reisig-ii

274 2133 599 2203 irritabile
642 2155 762 2201 cor
793 2131 1069 2225 Oedipo
1101 2132 1407 2203 Coloneo
1451 2157 1495 2201 a
1522 2156 1634 2203 me
1665 2132 1849 2202 edito
1888 2133 2222 2202 interitum
2264 2135 2487 2226 spira-

274 2238 433 2325 bat‘,
450 2283 469 2296 ,
497 2235 585 2305 de
625 2260 759 2327 qua
791 2260 866 2305 re
915 2237 1072 2305 alibi
1117 2236 1351 2329 lepida
1395 2237 1857 2305 narrabuntur.
1959 2238 2117 2304 Non
2147 2237 2487 2323 infitiatur,

276 2364 410 2411 uec
458 2349 685 2432 potest
728 2340 1028 2426 infitiari,
1098 2364 1175 2409 se
1217 2342 1289 2408 in
1330 2340 1750 2409 sermonibus
1793 2362 1949 2407 cum
1990 2340 2067 2408 iis
2086 2393 2108 2430 ,
2174 2341 2289 2430 qui
2331 2363 2488 2409 eum

276 2446 498 2513 visum
548 2442 852 2534 veniunt,
932 2444 1514 2514 vehementissime
1565 2453 1636 2513 et
1685 2442 2343 2514 contumeliosissime
2399 2444 2489 2513 de

276 2571 395 2619 me
424 2547 747 2638 conqueri
789 2557 857 2616 et
880 2547 1046 2638 quid
1084 2556 1469 2641 patraturus
1502 2548 1587 2616 sit
1614 2546 1916 2616 minitari.
1994 2545 2155 2640 Ego
2190 2547 2491 2638 quidem,

281 2654 405 2744 qui
433 2652 736 2721 iniuriam
766 2652 853 2719 ab
882 2674 968 2721 eo
994 2653 1121 2720 sibi
1150 2653 1403 2721 factam
1428 2653 1631 2720 ulturi
1658 2660 1880 2736 erant,
1930 2652 2117 2719 oravi
2161 2674 2248 2721 ue
2283 2651 2356 2721 id
2384 2653 2494 2721 fa-

284 2764 540 2845 cerent,
582 2757 1116 2846 asseveravique,
1171 2756 1226 2825 si
1269 2742 1470 2825 sciret
1492 2778 1697 2847 quam
1724 2754 1997 2823 iniustus
2030 2764 2229 2846 esset,
2269 2757 2495 2848 ipsum

284 2860 506 2952 magis
536 2881 742 2950 quam
761 2859 910 2928 illos
943 2858 1341 2929 doliturum:
1382 2861 1769 2952 pariterque
1803 2857 2083 2927 defendi
2112 2882 2267 2927 eum
2294 2870 2498 2952 atque

285 2965 600 3033 excusavi
638 2962 829 3054 apud
872 2964 1022 3032 illos
1040 3013 1061 3051 ,
1112 2965 1230 3054 qui
1273 2987 1409 3032 non
1439 2964 1644 3056 pauci
1694 2962 1920 3047 fuere,
1976 2983 2144 3052 quos
2181 2962 2492 3056 indigna·

284 3076 395 3136 tos
435 3066 574 3135 eius
619 3065 1088 3135 maledicentia
1126 3067 1476 3154 videbam,
1540 3065 1813 3155 dixique
1852 3073 2207 3157 aegrotare
2251 3066 2497 3137 eodem

287 3170 536 3240 morbo
549 3220 571 3257 ,
623 3193 761 3261 quo
804 3170 1211 3238 laboraverit
1260 3170 1310 3237 l.
1356 3171 1446 3238 H.
1491 3169 1762 3237 Vossius
1780 3220 1801 3256 ,
1864 3167 1967 3235 vir
2005 3169 2349 3239 voluntate
2396 3173 2501 3240 iu-

286 3283 435 3343 stus
451 3326 472 3364 ,
541 3273 735 3341 factis
799 3296 1005 3366 saepe
1061 3273 1352 3343 iniustus.
1475 3274 1721 3362 Neque
1782 3271 1959 3339 enim
2034 3272 2277 3340 mirum
2332 3298 2499 3364 esse,

290 3379 511 3445 virum
546 3377 788 3446 multas
814 3377 1125 3446 fortunae
1152 3378 1526 3467 iniquitates
1577 3382 1936 3467 expertum
1951 3423 1973 3458 ‚
2026 3376 2502 3468 cousciumque

291 3480 423 3550 sibi
456 3502 756 3574 magnae
801 3481 1149 3571 multoque
1196 3482 1432 3549 labore
1479 3489 1720 3571 partae
1764 3477 2107 3547 doctrinae
2125 3532 2146 3569 ,
2214 3503 2503 3572 eamque

293 3608 340 3653 a
384 3584 790 3674 quibusdam
839 3606 974 3653 non
1014 3586 1212 3673 tanti,
1264 3586 1495 3675 quanti
1542 3604 1837 3673 aequum
1886 3583 1971 3649 sit
1988 3634 2009 3668 ,
2061 3582 2242 3669 fieri,
2293 3594 2501 3676 atque

293 3687 476 3757 adeo
518 3689 717 3775 alios,
788 3710 959 3779 quos
1006 3710 1079 3756 se
1120 3689 1333 3756 multo
1368 3687 1719 3756 inferiores
1764 3708 1909 3753 esse
1945 3685 2234 3777 iudicet,
2294 3712 2502 3780 prae-
2519 3692 2569 3763 7

294 3792 461 3861 ferri
484 3793 609 3861 sibi
635 3791 1058 3881 credentem,
1111 3793 1453 3884 paullatim
1471 3844 1490 3879 ‚
1535 3789 1930 3882 praesertim
1962 3789 2017 3857 si
2039 3813 2113 3858 se
2145 3812 2190 3857 a
2215 3814 2503 3862 cousue-

294 3893 530 3965 tudine
572 3896 924 3964 hominum
972 3906 1325 3988 segreget,
1379 3894 1555 3963 adeo
1601 3894 2022 3986 suspicacem
2062 3892 2211 3962 fieri
2226 3945 2247 3982 ,
2294 3905 2370 3964 ut
2404 3899 2510 3965 ni-

294 3998 399 4068 hil
429 4022 562 4067 non
588 4000 660 4068 in
689 4000 1055 4092 pessimam
1095 4009 1359 4091 partem
1391 3998 1678 4091 accipiat
1692 4049 1711 4083 ,
1765 4018 2077 4087 quaeque
2105 3997 2252 4089 ipse
2286 4001 2510 4070 animo

298 4103 706 4172 exacerbato
746 4103 872 4172 sibi
901 4104 1165 4171 finxerit
1201 4126 1331 4195 pro
1370 4103 1543 4170 veris
1585 4100 1847 4169 habens
1861 4150 1882 4186 ‚
1934 4100 2159 4169 omnia
2201 4103 2326 4172 sibi
2368 4114 2514 4174 atra

300 4228 587 4277 cernere
637 4206 962 4279 videatur.
996 4228 1001 4235 ·
1086 4207 1283 4276 Haec
1331 4205 1605 4297 quidem
1665 4226 1878 4296 quum,
1927 4203 2060 4273 feci
2075 4254 2096 4291 ,
2161 4227 2296 4274 non
2341 4218 2512 4299 puto

299 4332 417 4379 me
442 4311 511 4380 ei
534 4310 800 4379 iniurias
826 4310 1145 4379 intulisse.

512 4413 913 4484 succensuit
936 4412 1101 4482 mihi
1131 4412 1423 4505 primum
1439 4462 1460 4499 ,
1513 4421 1589 4480 ut
1618 4409 1895 4501 quidem
1925 4408 2018 4477 ait
2049 4417 2118 4478 et
2158 4431 2372 4500 usque
2399 4436 2513 4483 re-

303 4520 517 4612 petit,
570 4517 926 4588 novissime
969 4517 1041 4588 in
1087 4515 1433 4588 Plutarchi
1478 4515 1630 4587 Vol.
1671 4514 1753 4582 V.
1803 4536 1874 4606 p.
1919 4510 2044 4585 90.
2096 4522 2301 4603 atque
2342 4515 2518 4588 adeo
