3259 5275
973 420 1149 483 LIB.
1191 420 1270 483 11.
1357 423 1553 484 CAP«
1596 424 1701 487 12.
1750 424 1853 487 la.
2240 427 2255 434 ”
2414 435 2535 499 181

312 610 498 703 Cycl.
532 606 709 680 558.

508 760 973 859 α’πσμυκτέον
1002 766 1078 843 δὲ
1113 765 1233 842 σοι’
1258 762 1374 861 γ’,
1429 764 1619 850 ὅπως
1650 761 1866 866 λήψει
1902 774 2114 842 πιεῖν.

220 936 240 957 ·
301 920 552 990 Electr.
586 917 761 993 835.

1300 1071 1472 1197 οὐχ’,
1527 1072 1718 1157 ὅπως
1739 1075 2184 1175 πευστηρίαν

507 1172 1109 1273 θοινασόμεσθα,
1167 1174 1454 1254 Φθιάδ’
1483 1176 1652 1254 α’ντὶ
1688 1180 2024 1277 Δωρικῆς

506 1284 692 1355 οἴσει
728 1310 840 1363 τις
866 1278 1043 1379 ἧμιν
1076 1283 1373 1366 κοπίδας

295 1435 602 1504 Fallatur
642 1459 840 1524 vero,
888 1436 1004 1526 qni
1039 1436 1326 1528 perinde
1371 1459 1518 1505 esse
1563 1443 1797 1529 putet,
1848 1444 2075 1504 utrum
2118 1436 2348 1506 futuro
2379 1440 2528 1527 quis

295 1563 380 1607 an
423 1541 849 1609 coniunctivo
892 1549 1133 1608 utatur.
1238 1543 1417 1609 Nam
1450 1540 1520 1607 in
1562 1539 1701 1608 hoc
1747 1562 2023 1630 quoque
2062 1563 2319 1633 genere
2347 1543 2528 1611 indi-

294 1644 496 1711 cativi
530 1642 707 1712 haec
739 1645 837 1712 vis
877 1654 1013 1728 est,
1067 1652 1141 1711 nt
1174 1643 1263 1712 ad
1308 1653 1564 1711 certam
1606 1644 1996 1735 opinionem
2027 1645 2525 1715 voluntatemve

291 1746 650 1819 referatur.
753 1747 848 1814 Et
888 1746 1462 1836 quemadmodum
1497 1746 1720 1814 multis
1754 1747 1822 1814 in
1861 1746 2104 1832 rebuS,
2152 1747 2249 1814 ita
2282 1748 2352 1814 in
2390 1748 2524 1817 hac

291 1872 573 1940 quoque
620 1848 1026 1918 Gemanica
1071 1852 1300 1943 lingua
1332 1873 1487 1918 cum
1531 1849 1803 1918 Graeca
1844 1850 2188 1936 convenit,
2243 1852 2523 1920 coniun-

292 1954 473 2022 ctivo
514 1962 719 2043 atque
750 1953 1111 2022 indicativo
1151 1965 1342 2022 utens
1393 1952 1636 2022 eadem
1690 1975 1845 2020 cum
1892 1953 2258 2021 sententiae
2296 1953 2524 2025 diver—

290 2057 519 2142 sitate,
593 2057 714 2124 nisi
766 2056 957 2147 quod
1001 2080 1133 2149 pro
1182 2058 1409 2125 futuro
1449 2056 1822 2147 praesentis
1859 2056 2287 2123 indicativum
2323 2081 2524 2126 usur-

288 2170 428 2255 pat.
537 2161 921 2230 Declarabo
953 2184 1100 2230 rem
1130 2184 1213 2230 eo
1245 2161 1599 2251 exemplo,
1655 2157 1843 2249 quod
1887 2180 1926 2226 e
1970 2157 2282 2251 Cyclope
2310 2161 2520 2234 attuli.

291 2265 363 2334 Si
396 2261 752 2332 dixisset*
705 2291 894 2345 οπως
926 2258 1150 2361 λαβης
1192 2269 1423 2352 πιεῖν,
1476 2262 1643 2331 nihil
1685 2260 1870 2330 aliud
1918 2254 2126 2351 'quam
2170 2265 2521 2333 consilium

288 2367 651 2437 indicasset
666 2418 687 2454 ‚
757 2389 896 2457 quo
936 2368 1050 2436 ille
1092 2367 1372 2459 emungi
1407 2366 1723 2452 deberet,
1776 2374 1852 2432 nt
1889 2344 2215 2457 poculum
2244 2368 2522 2460 accipe-

287 2479 408 2540 ret.
518 2470 696 2539 lllud
737 2492 903 2540 vero
940 2472 1143 2563 plane
1189 2473 1521 2539 incertum
1567 2470 2094 2558 relinqueretur,
2148 2491 2236 2537 an
2274 2468 2522 2540 deinde

285 2597 449 2645 vere
479 2582 657 2644 esset
697 2583 1117 2668 accepturus,
1219 2577 1315 2646 At
1350 2596 1564 2665 quum
1607 2572 1771 2642 dicit
1819 2568 2007 2653 ὅπως
2048 2564 2269 2670 λη’ψει
2299 2579 2519 2663 πιεῖν,

289 2678 486 2749 simul
513 2679 846 2774 significat
871 2702 1018 2750 esse
1045 2687 1508 2773 accepturum.

549 3034 680 3106 De
729 3041 880 3111 ἵνα
932 3045 1024 3107 et
1075 3031 1190 3109 ἵν’
1242 3033 1348 3110 ἂν
1403 3056 1598 3106 cum
1653 3031 2256 3102 coniunctivo.

489 3189 871 3259 Permirum
885 3189 952 3257 in
978 3189 1111 3258 hac
1148 3191 1536 3281 quaestione
1563 3185 1732 3255 illud
1762 3185 2024 3273 accidit,
2058 3184 2270 3275 quod,
2304 3206 2513 3275 quum

286 3290 375 3375 uic
420 3303 492 3363 et
539 3291 728 3373 ὅπως
774 3303 857 3364 ut
903 3294 1352 3386 significantes
1395 3290 1783 3384 saepissime
1836 3311 1991 3357 cnm
2042 3288 2376 3380 particula
2422 3287 2516 3360 ἄν

285 3399 798 3490 coniungantur,
850 3419 989 3465 non
1015 3398 1094 3466 fit
1118 3396 1302 3466 idem
1328 3399 1395 3465 in
1419 3394 1753 3489 particula
1777 3399 1919 3478 ἵνα,
1973 3415 2149 3482 quae
2180 3400 2315 3459 tam
2347 3413 2514 3459 con-

284 3511 539 3570 stanter
569 3502 711 3569 sino
755 3499 846 3572 ἆν
886 3511 1288 3594 usurpatur,
1339 3509 1452 3585 ut,
1505 3497 1718 3567 sicubi
1764 3495 2097 3564 adiectum
2141 3495 2514 3586 reperiatur

283 3602 405 3693 ἄν,
439 3626 582 3672 ιιοιι
611 3604 944 3672 immerito
972 3603 1042 3671 in
1067 3605 1210 3673 vitii
1238 3603 1691 3695 suspicionem
1718 3601 2030 3669 incurrat.
2095 3596 2516 3665 Brunckium

284 3708 501 3797 enim,
568 3708 685 3797 qui
735 3706 824 3775 ad
871 3704 1054 3780 Oed.
1098 3706 1251 3781 Col.
1296 3706 1468 3775 188.
1523 3700 1621 3777 ἵν’
1667 3700 1798 3788 ἄν,
1853 3699 1943 3782 ὥς
1982 3697 2117 3789 ἄν,
2172 3698 2362 3780 ὅπως
2403 3699 2517 3782 ἄν,

283 3816 360 3879 ut
384 3812 864 3903 significantes,
913 3811 1167 3903 passim
1197 3812 1428 3879 obvias
1463 3830 1609 3878 esse
1636 3805 1886 3888 scribit,
1938 3803 2287 3886 memoria,
2327 3801 2516 3891 qnod

285 3912 375 3981 ad
404 3910 507 3986 ἵν’
556 3912 650 3986 ἄν
686 3914 954 3998 attinet,
1007 3913 1267 3983 fefellit.
1376 3913 1545 3999 Quis
1583 3920 1812 3978 tamen
1845 3930 2042 3991 casu,
2096 3929 2176 3974 ac
2212 3928 2349 3975 non
2379 3926 2513 3998 po-

282 4015 413 4084 tius
451 4017 715 4086 ratione
762 4015 1058 4107 quadam
1101 4017 1355 4085 factum
1397 4015 1697 4107 putabit,
1768 4019 1843 4078 nt
1885 4008 1976 4084 ἄν
2029 4033 2166 4078 ιιοιι
2205 4007 2517 4077 eamdem

287 4141 442 4188 cnm
470 4127 590 4193 ἵνα
605 4173 632 4209 ,
690 4143 898 4210 quam
931 4143 1088 4188 cnm
1123 4117 1313 4202 ὅπως
1345 4127 1413 4188 et
1448 4116 1538 4199 ὥς
1563 4116 1955 4185 societatem
1980 4113 2253 4182 inierit?
2306 4109 2515 4196 Quod

288 4222 342 4290 si
372 4245 510 4313 qua
539 4232 643 4293 est
675 4222 876 4292 huius
911 4223 1012 4292 rei
1060 4224 1263 4309 ratio,
1307 4246 1441 4292 non
1474 4228 1704 4314 potest
1733 4241 1813 4287 ea
1838 4239 1977 4285 non
1996 4218 2067 4286 in
2097 4217 2246 4308 ipsa
2282 4222 2517 4281 natura

286 4327 658 4416 particulae
687 4334 807 4400 ἵνα
836 4328 1074 4396 inesse.
1156 4326 1361 4397 Cuius
1392 4324 1723 4418 originem
1752 4322 1977 4410 aliqua
2001 4342 2086 4389 ex
2116 4326 2312 4411 parte
2339 4316 2517 4386 bene

287 4431 605 4522 explicuit
643 4430 1148 4525 Hoogeveenus
1165 4481 1187 4519 ,
1240 4453 1449 4523 quum
1490 4450 1642 4497 eam
1670 4424 1837 4493 vidit
1872 4423 1961 4492 ad
1991 4442 2370 4516 pronomen
2401 4441 2518 4488 re-

1984 4540 2098 4611 12
