3259 5275
600 430 703 492 nt:
721 429 1392 492 mscnmlomssvs
1419 431 1872 507 Qvlssvsnffl
1902 436 2063 496 GRA
2074 437 2256 505 cels.
2400 443 2530 509 m

310 621 696 715 Diligenter
739 644 903 691 vero
949 620 1325 691 cavendum
1338 672 1360 710 ‚
1412 645 1499 692 ue
1543 622 1693 714 quis
1733 624 2120 695 huiusmodi
2158 629 2314 699 vitia
2352 655 2527 724 poe-

310 726 397 794 tis
438 727 760 819 imputet,
825 748 1001 816 quae
1050 726 1330 815 aequius
1362 739 1490 796 „est
1529 729 1776 819 culpae
1823 729 2123 799 tribuere
2178 733 2527 827 imperito-

310 852 469 898 rum
501 839 569 898 et
604 829 1090 923 neglig-entium
1116 827 1581 921 lapicidarum.
1684 833 1845 901 Non
1868 842 1976 902 est
2001 832 2278 906 dubium
2296 889 2316 924 ,
2367 840 2528 927 quin

314 934 435 1023 qui
472 932 610 1001 hoc
634 934 1057 1027 epigramma
1086 932 1249 1001 fecit
1279 932 1492 1025 lapidi
1522 935 1791 1005 inscribi
1826 936 2116 1008 voluerit
2129 993 2148 1029 ‚

418 1080 869 1176 πεντήκοντα
916 1080 1169 1180 γάμων
1224 1089 1637 1185 πλησαμένη
1689 1084 1761 1162 δ’
1792 1090 1979 1162 ἔτεα.

1363 1459 1478 1533 Vl.

519 1629 837 1719 „Aliam
904 1628 1326 1700 Romanam
1394 1632 1944 1727 inscriptionem
1960 1640 2001 1677 ‘⁶
2065 1637 2277 1729 inquit
2331 1638 2525 1708 wel-

314 1735 593 1822 ckerus,
642 1734 1118 1828 „Latinisque
1159 1735 1431 1806 litteris
1472 1739 1837 1832 scriptam
1860 1738 2180 1833 praebet
2207 1739 2525 1811 Fabret-

314 1847 435 1909 tus
498 1862 573 1933 p.
612 1837 785 1907 465.
842 1862 909 1907 π.
960 1838 1134 1907 loo.
1218 1840 1406 1932 quae
1471 1840 1625 1911 sine
1690 1843 1849 1912 ulla
1916 1843 2369 1915 dubitatione
2433 1869 2528 1916 ex

312 1942 650 2013 Fabretta·
697 1943 1029 2012 versione
1079 1942 1189 2013 sic
1239 1952 1350 2014 est
1402 1943 1803 2016 scribenda
1818 1971 1841 2015 .·

413 2095 737 2193 Εὕοιξσιν
790 2087 1056 2169 ἐνθάδε
1100 2094 1194 2192 γῆ
1245 2097 1531 2186 κατέχει
1583 2092 1950 2172 θανάτοιο
2001 2098 2440 2199 λαχοῦσα[ν]

411 2201 698 2301 μητέρα
749 2192 886 2295 τήν
937 2195 1292 2274 εὔτεκνον.
1365 2196 1787 2296 εὐδαίμονες
1820 2198 1945 2298 [ὦ]
1998 2207 2470 2328 παροιξῖταιέ(

306 2374 455 2443 Tot
496 2395 665 2466 ergo
710 2371 929 2440 modis
979 2369 1167 2461 quod
1218 2395 1524 2463 pravum·
1557 2382 1692 2459 est,
1745 2375 1887 2443 sine
1931 2376 2068 2444 ulla
2106 2374 2516 2445 dubitatione

306 2488 571 2548 rectum
625 2474 757 2545 sit?
822 2470 904 2543 ln
955 2474 1181 2567 lapide
1231 2485 1361 2546 esta
1413 2467 2017 2549 EVTECHNOV
2064 2477 2517 2550 EvnEMO-

306 2582 497 2652 NES
539 2576 1188 2651 PARHomTAE.
1294 2579 1479 2669 „Ad
1506 2578 1815 2675 salsam
1860 2582 2392 2676 correptionem
2441 2580 2517 2652 in

308 2682 792 2776 εὐδαίμονες“
848 2682 939 2750 ait
964 2680 1401 2770 Welckerus,
1473 2706 1676 2771 „non
1728 2682 2326 2782 offendendum.“
2422 2687 2517 2756 At

304 2812 450 2881 quo
487 2790 631 2856 iure
694 2787 926 2855 vitium
989 2786 1327 2878 imputare
1397 2787 1556 2857 licet
1616 2789 1929 2881 scriptori
1990 2790 2513 2883 epigrammatis,

306 2890 498 2984 quod
553 2891 826 2984 gravius
894 2899 996 2957 est
1047 2910 1252 2978 quam
1302 2898 1379 2958 ut
1427 2891 1570 2960 ullo
1629 2902 1837 2984 pacto
1905 2894 2202 2979 excusari
2252 2893 2516 2986 possit?

302 2996 607 3065 Multum
658 2994 747 3061 ab
806 2992 945 3078 hoc
996 2991 1228 3062 differt
1274 2993 1506 3062 vitium
1569 2995 2004 3087 prosodicum
2039 2997 2116 3064 in
2166 2997 2513 3089 epig-ram-

302 3108 488 3171 mate
503 3153 526 3182 ,
562 3163 572 3169 .
610 3095 802 3188 quod
880 3095 1280 3165 Welckerus
1356 3097 1533 3165 infra
1615 3120 1704 3167 ex·
1776 3097 2174 3168 Boissonadi
2248 3096 2509 3169 Anecd.

306 3204 556 3273 Graec.
608 3201 700 3275 T.
749 3200 804 3274 Ι.
856 3224 933 3293 p,
963 3196 1137 3273 144.
1192 3198 1426 3269 affert:

352 3442 357 3447 U
412 3355 604 3431 οἶσιν
656 3346 1020 3433 ἐνιθύνοις
1073 3355 1287 3425 οἴακα
1332 3353 1456 3450 σῆς
1503 3352 1796 3446 βιοτῆς,

304 3509 494 3602 quod
566 3507 989 3601 epigramma
1051 3492 1186 3573 hoc
1260 3506 1411 3599 ipso
1480 3505 1642 3573 vitio
1720 3526 1962 3573 aevum
2027 3503 2258 3596 prodit
2320 3504 2507 3588 illud,

306 3636 448 3704 quo
505 3612 774 3680 vocales
822 3609 957 3677 hae
1009 3637 1055 3680 α
1062 3662 1100 3697 ,
1152 3636 1181 3680 ι
1195 3663 1227 3699 ,
1298 3636 1342 3683 v
1392 3609 1643 3698 ubique
1693 3609 2017 3701 ancipites
2069 3607 2306 3677 haberi
2355 3615 2509 3675 sunt

307 3725 613 3808 coeptae.
735 3710 1003 3785 Deinde
1067 3710 1161 3810 ad
1208 3709 1627 3806 εὐδαίμονες
1677 3710 2076 3781 wolckerus
2127 3710 2289 3785 ἐστὲ
2339 3732 2506 3803 sup-

303 3819 478 3913 pleri
527 3817 686 3887 vult.
800 3814 980 3883 Tam
1029 3814 1322 3885 breviter
1373 3814 1722 3884 enunciata
1786 3815 2089 3907 precatio
2145 3835 2384 3883 vereor
2436 3821 2511 3881 ut

305 3922 522 4016 possit
584 3916 879 3988 defendi.
1007 3917 1236 4007 Atque
1300 3918 1642 4008 aliquanto
1708 3917 2125 3989 commodius
2140 3967 2162 4003 ‚
2246 3916 2507 4010 opinor,

305 4026 425 4119 qui
492 4024 656 4094 fecit
721 4022 1181 4115 epigramma,
1252 4020 1582 4110 duxisset,
1662 4017 2196 4119 εὐδαιμονοίης,
2272 4044 2507 4114 παρο-

306 4133 495 4203 δῖτα.
597 4124 885 4196 Accedit
933 4123 1024 4193 ad
1073 4125 1248 4193 haec
1297 4125 1565 4192 tertium
1607 4124 1838 4193 vitium
1858 4176 1879 4207 ,
1949 4123 2134 4214 quod
2185 4122 2505 4191 sermonis

306 4241 441 4318 est,
501 4224 807 4328 μητέρα
834 4221 972 4324 τῆν
1029 4226 1386 4301 εὔτεκνον.
1506 4229 1680 4299 Nam
1747 4229 1800 4295 si
1867 4225 2201 4300 εὔτεκνον
2251 4225 2504 4293 nudum

303 4337 447 4406 sine
511 4334 641 4402 alia
701 4342 863 4402 nota
925 4340 1333 4424 poneretur,
1391 4332 1561 4402 non'
1595 4331 1894 4403 debebat
1957 4326 2268 4398 articulus
2319 4325 2502 4396 addi.

300 4440 498 4509 Haec
573 4438 689 4528 qui
754 4435 979 4506 onmia
1031 4434 1506 4530 perpenderit,
1576 4458 1714 4510 non
1780 4454 1938 4504 sane
2006 4430 2303 4502 censebit
2348 4431 2502 4524 epi-
