3259 5275
1041 523 1209 586 LlB.
1252 522 1357 587 IV.
1441 523 1635 587 cAP.
1687 530 1747 591 2.
2386 534 2515 603 179

855 969 985 1040 De
1028 971 1137 1044 ἄν
1182 995 1372 1042 cum
1417 971 1912 1067 infinitivo.

484 1119 851 1191 Infinitivus
895 1125 1117 1192 forma
1152 1134 1252 1193 est
1294 1126 1612 1194 orationis¹
1649 1126 1998 1216 obliquae,
2050 1135 2126 1194 ut
2173 1128 2287 1215 qui
2317 1152 2499 1199 sem-

273 1247 403 1317 per
435 1225 735 1316 pendeat
778 1248 862 1294 ex
909 1229 1137 1318 aliquo
1176 1230 1309 1297 alio
1345 1231 1587 1315 verbo,
1640 1230 1778 1296 sive
1821 1228 1988 1296 illud
2034 1228 2339 1299 additum
2379 1245 2498 1320 est,

274 1330 416 1396 sive
459 1340 686 1398 mente
729 1332 1106 1423 suppletur.
1210 1332 1319 1400 Ex
1356 1354 1495 1420 quo
1528 1333 1989 1422 consequitur,
2041 1333 2159 1401 ubi
2204 1334 2271 1401 in
2314 1347 2499 1406 recta

271 1431 580 1500 oratione
610 1432 701 1503 ἄν
734 1456 886 1501 cum
931 1436 1116 1503 verbi
1158 1434 1407 1524 modis,
1452 1435 1565 1527 qui
1603 1444 1832 1503 rectae
1872 1435 2185 1504 orationis
2217 1448 2400 1527 sunt,
2451 1443 2493 1511 i.

271 1558 331 1606 e.
364 1557 526 1603 cum
562 1535 923 1605 indicativo
962 1546 1033 1605 et
1070 1539 1374 1630 optativo
1416 1539 1847 1623 construitur,
1907 1562 1989 1607 ea
2030 1540 2333 1610 oratione
2367 1565 2496 1635 per

268 1637 666 1706 infinitivum
711 1641 781 1708 in
823 1640 1165 1731 obliquam
1205 1664 1441 1728 versa,
1508 1643 1710 1710 etiam
1754 1642 2076 1711 infinitivo
2116 1643 2314 1713 adiici
2361 1644 2454 1718 ἅν
2466 1674 2497 1739 ,·

268 1742 384 1808 ubi
437 1751 666 1809 autem
709 1743 1103 1812 indicativus
1148 1754 1216 1813 et
1252 1745 1589 1838 optativus
1635 1769 1774 1814 non
1824 1744 2175 1815 admittunt
2220 1746 2312 1819 ἄν
2327 1796 2348 1833 ,
2398 1750 2495 1818 ibi

267 1868 354 1913 ne
393 1844 720 1914 infinitivo
769 1846 1045 1935 quidem
1094 1848 1254 1916 addi
1310 1871 1534 1940 posse.
1640 1849 1835 1917 Haec
1877 1872 1985 1917 res
2032 1851 2123 1916 ita
2176 1851 2382 1943 plana
2425 1862 2497 1921 et

266 1956 511 2041 aperta
544 1956 681 2035 est,
732 1958 809 2017 ut
845 1972 931 2017 ne
961 1972 1138 2042 opus
1181 1952 1456 2041 quidem
1487 1951 1571 2019 sit
1595 1953 1821 2019 omnia
1848 1951 2174 2043 exemplis
2211 1955 2491 2046 scripto·

263 2074 420 2119 rum
451 2052 725 2121 fimare
741 2103 762 2139 ,
812 2054 1210 2143 praesertim
1258 2077 1466 2143 quum
1510 2053 1804 2122 attulerit
1838 2055 1969 2121 iam
2006 2059 2487 2146 grammaticus

262 2156 330 2223 in
371 2154 683 2223 Bekkeri
719 2156 982 2229 Anecd.
1027 2181 1100 2249 p.
1143 2155 1312 2225 127.
1418 2156 1563 2226 Sed
1602 2158 1700 2226 rei
1753 2158 2200 2226 declarandae
2247 2182 2489 2229 caussa

260 2257 404 2326 hoc
429 2279 783 2350 ponemus·
893 2259 1104 2346 Quod
1133 2259 1435 2359 ἐποίησα
1469 2259 1562 2331 ἄν
1591 2260 1981 2352 simpliciter
2007 2261 2347 2331 affirmans
2378 2264 2486 2331 di-

262 2383 458 2430 ceres
482 2410 505 2450 ,
571 2384 701 2454 per
738 2362 1132 2432 infinitivum
1178 2372 1280 2432 est
1324 2389 1503 2460 φημι
1558 2390 1651 2435 αν
1700 2362 2022 2461 ποιῆσαι
2127 2365 2242 2435 Sic
2297 2367 2487 2458 quod

259 2462 564 2539 ἐποίουν
591 2463 706 2555 ἄν,
745 2465 1012 2564 ‘mul'
963 2494 1054 2539 αν
1083 2472 1363 2556 ποιεῖνς
1415 2465 1603 2556 quod
1640 2463 2093 2554 ἑπεποιηκειν
2131 2466 2260 2558 ἄν,
2298 2470 2487 2567 φημὶ

257 2567 354 2642 ἂν
396 2569 886 2667 πεποιηκέναι.
992 2570 1166 2639 Item
1209 2568 1397 2660 quod
1445 2570 1751 2663 optativo
1793 2569 2053 2639 diceres
2093 2566 2487 2670 ποιήσαιμ’

256 2669 391 2762 ἄν,
448 2680 554 2740 est
584 2673 888 2769 ποιῆσαι
938 2672 1030 2746 ἄν
1076 2671 1329 2766 οἶμαι,·
1381 2672 1570 2799 quod
1610 2669 1903 2765 ποιοῖμ’
1950 2671 2079 2764 ἄν,
2131 2683 2368 2749 ποιεῖν
2393 2675 2486 2751 ἄν

255 2771 527 2866 οἶμαι,·
596 2775 785 2865 quod
848 2771 1322 2871 πεποιήκοιμ’
1378 2775 1508 2862 ἄν,
1585 2778 2055 2872 πεποιηκέναι
2108 2806 2200 2851 αν
2251 2775 2483 2871 οἶμαι.

250 2878 366 2946 Ex
397 2878 507 2946 his
551 2889 871 2971 apparet,
923 2880 1040 2948 ubi
1077 2881 1361 2948 verbum
1405 2880 1669 2948 finitum
1713 2881 2074 2948 cariturum
2118 2892 2292 2949 esset
2320 2904 2488 2974 par-

250 2982 513 3066 ticula,
567 2981 821 3051 debere
868 3006 1020 3052 eam
1064 2984 1263 3051 etiam
1310 2984 1382 3051 in
1431 2983 1739 3051 infinitivi
1782 2983 2177 3052 suffectione
2223 2986 2485 3059 abesse.

250 3084 655 3177 Xenophon
694 3085 906 3155 Mem.
942 3087 1017 3159 S.
1052 3087 1104 3154 1.
1141 3086 1211 3175 3,
1243 3084 1313 3158 3.
1369 3084 1540 3160 οὔτε
1569 3111 1710 3180 γαρ
1749 3091 1905 3166 τοῖς
1938 3092 2141 3168 θεοῖς
2184 3089 2321 3184 ἔφη
2360 3116 2481 3160 κα·

246 3189 459 3270 icoc*
416 3216 631 3279 εχειν,
684 3193 750 3262 εἰ
777 3195 936 3270 ταῖς
953 3184 1301 3283 μεγάλαις
1327 3188 1619 3309 θυσίαις
1640 3187 1998 3282 μαλλον*
1951 3217 1994 3284 η
2013 3195 2172 3270 ταῖς
2196 3197 2483 3286 μικραῖς

247 3292 594 3385 ἔχαιρον·
646 3286 985 3372 πολλακις
1014 3318 1198 3414 γαρ..
1188 3319 1280 3365 αν
1319 3287 1570 3371 αὐτοῖς
1601 3284 1702 3363 vo?
1731 3317 1931 3386 παρα
1974 3319 2120 3362 των
2150 3294 2480 3421 πονηρῶν

241 3396 540 3487 μᾶλλον
596 3393 643 3489 ἢ
690 3422 788 3466 τα
840 3389 1044 3488 παροῖ
1092 3395 1239 3468 τοῖν
1298 3393 1622 3491 χρηστῶν
1696 3389 1887 3465 εἶναι
1963 3397 2482 3517 κεχαρισμένα·

244 3495 387 3570 οὔτ
473 3495 566 3568 ἄν
624 3503 777 3578 τοῖς
817 3491 1238 3593 ἅνθρωποις
1296 3495 1499 3579 ἄξιον
1552 3492 1741 3568 εἶναι
1801 3495 1964 3592 ζῆν,
2018 3500 2088 3568 εἰ
2131 3526 2227 3569 τα
2277 3492 2482 3593 παροῖ

240 3601 401 3674 τοῖν
450 3625 787 3695 πονηρων
836 3601 1116 3692 μᾶλλον
1162 3595 1251 3691 ἦν
1298 3599 1781 3694 κεχαρισμένα
1833 3603 1985 3678 τοῖς
2041 3606 2244 3679 θεοῖς
2288 3599 2334 3695 ἢ
2383 3596 2483 3671 w?

241 3730 453 3799 παρα
506 3702 647 3774 τῶν
681 3703 1029 3799 χρηστῶν.
1134 3701 1252 3771 Bis
1286 3702 1400 3770 hic
1445 3712 1630 3770 recte
1662 3702 1963 3769 iunctum
2003 3711 2103 3769 est
2134 3701 2225 3774 ἄν
2256 3704 2483 3772 infini-

239 3808 427 3888 tivo;
484 3814 669 3873 recte
713 3829 876 3874 vero
910 3806 1109 3874 etiam
1143 3806 1460 3874 omissum
1500 3806 1569 3873 in
1597 3804 1933 3898 principio
1965 3804 2162 3873 huius
2194 3805 2361 3891 loci,
2414 3807 2480 3875 in

240 3932 388 4001 quo
432 3918 738 3977 errarunt
776 3905 891 3999 qui
928 3907 1092 3977 addi
1133 3911 1548 3998 voluerunt„
1613 3909 1858 3997 Neque
1904 3908 2078 3975 enim
2125 3905 2287 3980 ἄλλ’
2334 3910 2378 3981 ἔ
2372 3937 2481 3999 χει

239 4013 479 4092 καλῶς
511 4013 919 4104 opponitur,
973 4011 1097 4079 sed
1137 4008 1298 4085 ἀλλ’
1327 4008 1413 4085 οὗ
1455 4009 1795 4103 χαίρουσι
1831 4011 2112 4103 μᾶλλον
2153 4016 2313 4092 ταῖς
2334 4040 2476 4103 με-

238 4109 502 4207 γάλαις
542 4114 858 4214 θυσίαις.
963 4116 1072 4184 De
1105 4115 1408 4185 Elmslcii
1448 4114 1898 4201 dubitatione,
1951 4138 2038 4182 an
2065 4114 2286 4183 verbis
2321 4138 2477 4207 pu-

241 4228 424 4288 tare
464 4219 998 4312 significantibus
1029 4219 1218 4312 iungi
1245 4230 1538 4311 nequeat
1568 4218 1924 4286 infinitivus
1965 4218 2187 4286 aoristi
2217 4218 2357 4286 sine
2389 4217 2482 4289 ἄν

241 4322 337 4391 ad
369 4322 596 4391 futura
631 4323 974 4414 pertinens
992 4372 1014 4408 ,
1067 4323 1204 4391 dixi
1230 4323 1322 4391 ad
1351 4325 1459 4394 Αἰ.
1498 4319 1719 4390 1061.
1757 4322 2154 4412 ostendique
2181 4343 2316 4388 non
2351 4322 2468 4388 mi-

239 4449 370 4494 nus
418 4436 607 4495 recte
636 4424 711 4493 id
746 4427 913 4512 fieri,
975 4450 1177 4516 quam
1217 4427 1454 4517 quovis
1488 4426 1620 4493 alio
1658 4448 1814 4492 cum
1847 4425 2083 4509 verbo,
2137 4424 2296 4514 quia
2327 4447 2384 4491 e.
2421 4446 2481 4489 c.

240 4535 490 4603 πεσεῖν
526 4539 635 4600 est
669 4531 968 4610 cadere,
1023 4536 1266 4603 πεσεῖν
1289 4529 1380 4603 ἄν
1411 4530 1691 4600 cadere
1712 4550 1956 4620 posse,
2009 4537 2084 4595 ut
2110 4525 2300 4618 apud
2335 4526 2487 4594 He-

1656 4625 1699 4706 ’.
1935 4645 2097 4714 Mz
