3259 5275
673 500 760 564 24
1353 492 1473 559 DE
1511 489 2071 556 PARTICVLA
2115 486 2209 556 ἄν

676 687 1085 778 significatur
1101 734 1123 771 ‚
1174 708 1312 755 non
1350 686 1418 753 in
1444 694 1791 779 tempore,
1842 683 1965 754 sed
2010 686 2079 753 in
2123 685 2203 752 iis
2219 735 2241 771 ‚
2294 685 2410 775 qni
2441 684 2747 755 fecerunt
2779 684 2909 753 ali-

590 854 595 860 .
680 789 879 880 quid,
929 791 1227 882 positum
1264 799 1384 858 est.
1485 789 1776 883 Legitur
1801 788 2009 882 hodie
2040 787 2230 856 Iliad.
2268 816 2331 880 χ.
2366 786 2542 858 369.

1425 941 1636 1017 ἄλλοι
1666 943 1744 1017 δὲ
1773 941 2227 1039 περίδραμον
2253 941 2402 1025 υἷες
2424 937 2750 1035 'Agat-mv

872 1071 977 1220 οὲ
990 1044 1108 1116 και
1140 1037 1509 1143 θηήσαντο
1543 1074 1734 1145 φυην
1761 1073 1881 1121 και
1864 1042 2093 1129 ἐἶδος
2126 1030 2398 1147 οἷγητόν

977 1173 1248 1244 κτορος

679 1303 776 1371 At
825 1302 972 1390 quis
1013 1303 1124 1370 vel
1174 1300 1603 1371 mediocriter
1648 1307 1718 1374 in
1767 1305 2076 1374 Homero
2118 1310 2421 1373 versatus
2466 1304 2642 1374 haec
2686 1301 2917 1372 ferat?

680 1406 861 1474 Nam
892 1404 1115 1495 primo
1147 1404 1267 1476 καὶ
1305 1417 1375 1473 et
1396 1406 1934 1499 languidissime‚
1986 1418 2056 1477 et
2103 1415 2334 1476 contra
2373 1429 2633 1477 morem
2659 1416 2917 1498 poetae

682 1508 1019 1580 adiectum
1061 1517 1180 1577 est.
1289 1509 1497 1593 Quod
1540 1513 1656 1580 ubi
1692 1513 1785 1580 sic
1819 1512 1981 1604 poni
2030 1509 2331 1594 videtur,
2383 1521 2457 1580 ut
2486 1511 2722 1603 paullo
2757 1519 2917 1578 ante

682 1634 746 1681 v.
785 1610 957 1682 364.
990 1620 1060 1680 et
1077 1610 1267 1683 Iliad.
1302 1640 1372 1683 α.
1409 1610 1583 1684 249.
1610 1616 1706 1683 ibi
1732 1608 1867 1687 τόν
1897 1612 2045 1703 καί,
2098 1613 2239 1686 τοῦ
2268 1612 2384 1685 καὶ
2413 1637 2550 1682 ιιοιι
2574 1622 2729 1682 sunt
2742 1636 2916 1706 pro-

574 1727 585 1738 '
684 1716 959 1783 nomina
984 1715 1300 1801 relativa,
1353 1714 1476 1784 sed
1522 1716 2046 1787 demonstrativa
2065 1767 2087 1804 ‚
2148 1738 2374 1806 neque
2406 1716 2530 1789 καὶ
2569 1718 2664 1786 316
2699 1716 2917 1785 adne-

686 1818 968 1887 ctendae
996 1819 1359 1886 sententiae
1381 1842 1638 1909 caussa,
1669 1820 1793 1889 sed
1813 1822 1945 1889 alio
1959 1821 2095 1887 fine
2108 1819 2444 1888 adiectum
2475 1828 2593 1889 est.
2646 1819 2919 1888 Deinde

683 1942 1017 2010 nusquam
1061 1921 1401 1989 Homerus
1443 1918 1629 2004 εἶδος
1663 1917 1937 2019 α’γητόν
1983 1921 2185 2011 dixit,
2237 1923 2364 1990 nisi
2411 1923 2589 1992 forte
2634 1923 2781 2013 quis
2824 1923 2920 1990 ita

686 2025 973 2116 accipiat
1015 2020 1152 2093 od.
1192 2032 1246 2106 ξ.
1280 2022 1450 2092 ΓΠ.
1501 2048 1639 2116 quo
1670 2035 1896 2093 tamen
1937 2026 2093 2093 loco
2124 2047 2262 2093 non
2297 2026 2545 2108 minus,
2600 2047 2805 2114 quam
2847 2026 2920 2092 in

688 2128 987 2212 caeteris,
1023 2126 1214 2194 Iliad.
1244 2155 1297 2200 ε.
1335 2124 1510 2197 787.
1542 2123 1619 2204 θ.
1639 2126 1814 2197 228.
1851 2155 1926 2202 ω.
1956 2125 2128 2196 3Ί6.
2158 2126 2227 2197 h.
2255 2127 2485 2220 Apoll.
2505 2125 2674 2199 198.
2707 2128 2920 2199 homo

685 2232 910 2323 potius
937 2231 1091 2322 ipse
1126 2227 1312 2310 εἶδος
1352 2225 1615 2327 ἁγητός
1657 2230 1919 2304 dicitur.
2018 2230 2202 2298 Vera
2242 2232 2575 2323 scriptura
2617 2233 2921 2323 praefixa

689 2345 792 2401 est
826 2333 1083 2401 scholio
1113 2332 1220 2401 ed.
1255 2332 1511 2402 Villois.
1547 2334 1668 2401 ubi
1707 2356 1880 2419 non,
1930 2342 2008 2401 ut
2037 2333 2344 2423 Heynius
2375 2335 2623 2422 refert,
2676 2339 2758 2406 οἳ
2795 2331 2924 2406 καί

690 2442 752 2520 ἑ,
803 2435 924 2505 sed
956 2443 1039 2507 οἴ
1055 2435 1137 2507 κέ
1165 2440 1202 2506 ἑ
1225 2436 1553 2531 scriptum
1578 2446 1702 2508 est.
1769 2436 1952 2510 Hinc
1984 2437 2213 2509 locum
2237 2435 2428 2508 illum
2462 2438 2557 2508 sic
2586 2460 2735 2509 esse
2762 2458 2923 2506 cor-

687 2538 1050 2637 figendum
1079 2547 1311 2632 patet·

879 2700 984 2867 οὲ
999 2720 1071 2766 κε
1064 2694 1140 2766 ’ἐ
1169 2687 1589 2793 θηήσαντο..
1644 2690 1839 2794 φυήν
1869 2694 1995 2768 καὶ
2030 2690 2217 2777 εἶδος
2245 2688 2521 2795 olym&

984 2822 1231 2892 κτορα.

689 2952 1025 3021 Particula
1064 2951 1178 3018 illa
1208 2948 1322 3018 hic
1358 2952 1454 3019 ita
1496 2974 1641 3020 rem
1675 2952 1941 3044 saepius
1968 2951 2222 3021 factam
2249 2952 2621 3046 significat,
2671 2957 2749 3019 ut
2783 2971 2923 3018 non

688 3067 827 3122 tam
859 3054 947 3122 ad
989 3078 1102 3138 ea,
1156 3077 1332 3144 quae
1369 3056 1730 3146 deinceps,
1786 3078 1992 3144 quam
2026 3055 2114 3124 ad
2145 3056 2259 3142 id,
2312 3056 2499 3147 quod
2547 3079 2589 3123 a
2615 3053 2923 3147 pluribus

690 3158 918 3246 simul,
972 3159 1118 3226 aliis
1151 3167 1357 3246 atque
1389 3158 1530 3225 aliis
1559 3159 1814 3227 factum
1841 3160 1946 3242 sit,
1998 3160 2348 3228 referatur.
2456 3157 2722 3227 Eadem
2748 3156 2924 3223 ratio

690 3271 793 3329 est
817 3262 1177 3329 verborum
1205 3261 1846 3350 frequentativorum
1873 3263 2198 3335 εἴπεσκεν
2228 3271 2295 3329 et
2327 3256 2774 3357 οὐτήσασκεν
2801 3258 2925 3324 illo

688 3367 757 3432 in
791 3365 965 3433 loco.
1076 3363 1436 3433 Caeterum
1464 3386 1666 3432 nemo
1697 3387 1834 3432 non
1867 3363 2073 3451 videt,
2126 3364 2528 3483 particulam
2556 3361 2632 3435 κέ
2663 3383 2799 3429 ιιοιι
2830 3358 2926 3427 ad

688 3489 1110 3558 pronomen,
1169 3466 1291 3533 sed
1331 3466 1418 3534 ad
1451 3469 1737 3535 verbum
1769 3468 2127 3557 pertinere.
2229 3467 2407 3534 Nam
2445 3469 2502 3534 31
2539 3485 2926 3558 pronomen

690 3570 1282 3638 demonstrativum
1323 3570 1712 3655 substituas,
1765 3580 1950 3638 recte
1992 3569 2216 3654 dices,
2270 3564 2488 3641 οὗτοι
2529 3568 2613 3638 δέ
2654 3572 2691 3639 ἑ
2726 3558 2923 3659 θηή-

692 3665 918 3744 σαντό
962 3699 1058 3743 κε.
1167 3671 1552 3740 Similiimus
1598 3684 1702 3740 est
1755 3672 2051 3740 Platonis
2094 3672 2281 3739 locus
2330 3671 2396 3737 in
2456 3669 2668 3760 Apol.
2724 3668 2920 3737 Socr.

688 3797 758 3869 p.
802 3773 915 3840 18.
954 3774 1035 3842 C.
1065 3774 1319 3845 ἔπειτα
1350 3775 1530 3846 εἰσιν
1568 3771 1780 3847 οὗτοι
1817 3780 1889 3845 οἱ
1921 3767 2315 3870 κατηγόροι
2345 3771 2597 3844 πολλοὶ
2627 3770 2745 3842 καὶ
2774 3796 2917 3841 πο-

689 3869 820 3952 λυν
854 3873 986 3970 ἤδη
1029 3867 1293 3971 χρόνον
1331 3868 1930 3972 κατηγορηκότος,
1995 3877 2105 3949 ἔτι
2154 3876 2232 3947 δὲ
2266 3873 2384 3945 καὶ
2432 3879 2508 3947 ἐν
2553 3865 2788 3968 ταύτῃ
2824 3871 2928 3968 τῇ
3019 3924 3028 3927 -

1446 3971 2006 4001 ἱἱἱἱἱ

689 4084 937 4159 παῖδες
971 4078 1197 4168 ὄντες,
1251 4080 1434 4152 ἔνιοι
1469 4074 1543 4152 δ’
1576 4077 1782 4170 tiator
1807 4080 1927 4151 καὶ
1956 4071 2333 4174 μειράκια,
2389 4075 2703 4166 οἷτεχνοῖς
2743 4069 2924 4171 ἐρή-

687 4210 835 4277 μην
867 4182 1439 4278 κατηγοροῦντες
1476 4178 2079 4301 ἀπολογουμένου
2117 4174 2925 4260 οὖδενός.1)6ηιο3ῐ1ι6-
2977 4250 2981 4255 ,

686 4308 808 4355 nes
843 4285 930 4353 de
965 4306 1215 4353 corona
1242 4283 1532 4375 p.3ol,
1566 4282 1689 4353 19.
1719 4280 1884 4357 ἀλλ’
1918 4281 2112 4375 ὅμως
2152 4279 2381 4363 οὐδεὶς
2413 4309 2707 4355 nomon
2738 4274 2926 4353 τού-

686 4414 837 4460 των
879 4380 1280 4466 διαπαντος
1325 4386 1581 4459 ἔδωκεν
1627 4379 1896 4458 ἑαυτου
1937 4388 2036 4466 εἰς
2082 4382 2296 4458 οὐδὲν
2334 4387 2429 4473 τῇ
2458 4379 2702 4465 πόλει,
2755 4379 2926 4455 cii.)-

691 4486 734 4566 ὀ
768 4491 906 4583 μὲν
935 4483 1241 4588 γράφων
1278 4487 1408 4563 οὐκ
1454 4488 1546 4563 ἄν
1575 4490 2054 4588 ἐπρέσβευσεν
2071 4541 2101 4577 ,
2158 4485 2200 4560 ὁ
2233 4488 2310 4562 δὲ
2345 4480 2760 4586 πρεσβεύων
2791 4513 2926 4560 ουκ
