3259 5275
1069 452 1235 514 [ΑΒ.
1281 453 1362 516 11.
1447 451 1638 515 cAP.
1694 458 1793 520 13.
2417 458 2548 523 135

325 643 563 713 ticulae
600 651 1150 712 commemorant.
1252 645 1486 738 Etym.
1527 645 1629 715 M.
1665 645 1941 735 quidem
1981 669 2053 738 p.
2097 641 2291 735 471,
2338 644 2408 718 6.
2460 669 2546 716 ex

321 748 665 841 Apollonii
697 747 864 815 Lex.
906 747 1117 820 Hom.
1161 749 1256 818 ita
1287 750 1758 844 integrandum
1792 749 2087 819 videtur·
2140 740 2271 821 τον
2305 752 2544 823 αἰτιο-

319 845 615 943 λογικόν
652 845 1094 943 σύνδεσμον,
1148 880 1238 933 ως
1271 848 1400 936 τό,
1453 853 1499 950 ἢ
1552 860 1699 926 ἵνα
1755 850 2024 948 ὕβριν
2075 854 2224 948 ἴδῃ
2265 847 2541 945 Ἀγα-

313 955 429 1048 με’
437 972 814 1046 μνονος
886 949 1053 1026 α’ντι
1102 954 1243 1028 τοῦ
1285 952 1518 1029 διότι·
1570 949 1707 1029 τόν
1757 948 2320 1030 αποτελεστικον
2372 948 2542 1028 σύν-

315 1061 629 1150 δεσμον,
713 1084 803 1138 ως
858 1084 948 1130 το
1018 1063 1168 1130 ἵνα
1234 1054 1585 1153 γνώωσι
1653 1058 1801 1131 καὶ
1868 1057 2544 1132 ome.Bekken1s

313 1182 532 1250 quum
559 1160 650 1228 ad
677 1161 998 1252 Apollon.
1030 1159 1120 1228 de
1145 1172 1322 1252 synt.
1351 1161 1526 1248 268,
1556 1160 1680 1235 24.
1711 1162 2155 1231 caussalem
2115 1190 2235 1234 ινα
2266 1162 2546 1255 agnosci

312 1264 584 1356 scripsit
627 1265 826 1333 etiam
866 1263 955 1332 ab
983 1264 1353 1356 Apollonio
1389 1266 1695 1359 sophista
1740 1275 1809 1334 et
1847 1263 2204 1334 Eustathio
2244 1288 2318 1356 p.
2367 1263 2544 1353 793,

311 1363 437 1440 55.
468 1389 609 1436 non
635 1369 1032 1436 meminerat
1053 1370 1340 1458 testium,
1393 1392 1565 1460 quos
1593 1369 1749 1438 satis
1773 1370 2019 1437 multos
2046 1368 2542 1443 adhibuitsui-

311 1493 509 1540 cerus
543 1471 613 1539 in
645 1471 1000 1541 Thesauro
1015 1521 1036 1558 ‚
1086 1473 1236 1541 illos
1268 1483 1491 1542 autem
1527 1484 1669 1540 tum
1701 1470 2003 1540 nondum
2037 1471 2318 1555 viderat,
2370 1495 2541 1563 quos

308 1584 556 1668 postea
584 1575 652 1643 in
681 1574 1050 1644 Anecdotis
1086 1576 1320 1645 edidit.
1405 1576 1500 1644 Et
1530 1576 1931 1670 Apollonius
1965 1574 2244 1667 quidem
2273 1575 2389 1648 lib.
2420 1575 2538 1643 111.

309 1678 397 1747 de
432 1679 701 1769 syntaxi
732 1701 791 1747 c.
828 1677 950 1748 28.
998 1702 1208 1769 quum
1247 1680 1561 1803 exempla
1588 1680 1930 1771 posuisset
1960 1679 2157 1764 haec,
2211 1685 2330 1751 ἵνα
2356 1675 2542 1751 ἅνα-

306 1782 455 1876 γνῶ
486 1774 888 1903 ἐτιμήθην,
945 1787 1065 1854 ἵνα
1105 1779 1405 1856 α’ναστῶ
1431 1776 1709 1881 η’νιοῖθη
1760 1775 2109 1902 Τρύφων,
2161 1782 2287 1849 sub
2331 1783 2540 1850 finem

307 1884 591 1978 capitis,
644 1886 762 1953 ubi
793 1877 921 1958 ἑοῖν
954 1885 1046 1953 ad
1072 1885 1300 1955 futura
1332 1888 1439 1955 vel
1467 1886 1851 1979 praesentia
1885 1884 2125 1955 referri
2157 1884 2397 1971 docet,
2447 1886 2540 1953 ita

303 1989 570 2058 scribit.
624 1985 891 2082 ὁμοίως
940 1986 1058 2062 καὶ
1119 2016 1159 2062 ο
1210 1996 1249 2062 ἴ
1251 2017 1356 2063 να
1411 1983 2001 2069 οἷποτελεστικός,
2057 1995 2095 2062 ἴ
2098 2016 2201 2062 να
2255 2016 2355 2084 φι
2374 1991 2414 2061 λ
2433 2015 2473 2061 ο
2490 2034 2537 2045 -
2620 2016 2624 2021 ·

303 2085 664 2187 λογήσω
716 2088 1476 2187 παραγενήσεται
1538 2086 1968 2189 Τρύφων,
2021 2090 2142 2163 καὶ
2192 2092 2305 2165 ἔτι
2356 2117 2534 2164 πα-

303 2220 348 2291 ρ
372 2224 421 2268 α
443 2194 532 2287 γι’
548 2220 591 2266 ν
608 2220 701 2267 ετ
720 2221 767 2265 α
792 2222 839 2266 ι.
896 2196 966 2267 εἰ
989 2221 1140 2316 γαρ
1185 2196 1551 2288 ἐγγένοιτο
1598 2195 2128 2291 παρῳχημένου
2179 2188 2535 2283 σύνταξις,

304 2291 621 2371 δύναται
682 2295 729 2371 o‘
760 2290 1130 2419 αἰτιώδης
1191 2291 1640 2386 ἀκούεσθαι,
1729 2304 1767 2367 ἵ
1777 2323 1818 2368 ν
1834 2326 1883 2369 α
1965 2325 2019 2391 φ
2034 2325 2062 2369 ι
2079 2299 2119 2369 λ
2138 2322 2178 2368 ο
2194 2303 2232 2370 λ
2250 2322 2289 2369 ο
2305 2326 2348 2389 γ
2364 2291 2407 2386 ἦ
2422 2324 2465 2369 σ
2480 2324 2533 2368 ω

303 2428 421 2474 πα
447 2393 909 2523 ρεγενήθη
964 2396 1401 2497 Τρύφων·
1458 2406 1534 2474 ἐν
1573 2403 1704 2494 ἴσῳ
1751 2397 1891 2496 γάρ
1931 2403 2086 2473 ἐστι
2122 2400 2231 2495 τῷ
2281 2394 2534 2473 διότι

303 2498 931 2599 ε’φιλολόγησα
984 2529 1039 2574 π
1063 2497 1453 2601 αρεγενή
1476 2512 1590 2599 θη
1655 2497 2251 2627 Τρύφων.ού
2302 2503 2532 2575 τοῦτο

302 2609 387 2682 δέ
413 2633 633 2705 φημι,
666 2604 787 2680 ὅτι
829 2605 946 2679 καὶ
976 2602 1543 2686 ἁποτελεστικῶς
1568 2599 1793 2679 παλιν
1821 2600 1911 2679 ού
1941 2600 2250 2680 δύναται
2277 2599 2533 2679 οἷκούε-

302 2719 525 2784 σθαι·
582 2702 899 2783 δυνατον
937 2736 1077 2806 γαρ
1125 2705 1344 2783 πάλιν
1389 2708 1618 2790 οὕτως
1657 2702 1984 2798 α’κούειν,
2040 2713 2115 2783 εἰ
2131 2736 2163 2790 c
2211 2737 2258 2782 τ
2276 2736 2316 2782 ο
2374 2738 2427 2805 φ
2447 2737 2474 2783 ι
2495 2748 2532 2761 -

299 2811 814 2910 λολογῆσαί
875 2840 984 2904 με
1027 2806 1646 2936 παρεγενήθη
1724 2806 2132 2909 Τρύφων.
2216 2812 2331 2885 ἐπι
2380 2817 2533 2893 τοῖς

301 2912 435 2990 οὖν
465 2917 838 3007 ἐσομένοις
881 2912 925 3010 ἡ
958 2908 1286 2998 σύνταεις
1312 2917 1453 2990 τοῦ
1482 2915 1981 3008 αἰτιολογικοῦ
2010 2912 2137 2988 οὐκ
2174 2914 2265 2987 ἄν
2293 2917 2552 3012 γε’νοι-ο

296 3038 426 3094 το·
483 3018 605 3092 ἐπὶ
657 3044 798 3114 γαρ
839 3045 1236 3147 γεγονοσιν
1250 3047 1327 3091 αι
1379 3017 1609 3092 αἰτίαι
1648 3021 2128 3111 ἐπιλέγονται.
2184 3015 2365 3092 ὅθεν
2404 3046 2529 3090 κα-

295 3114 823 3221 ταλληλότερος
863 3120 1148 3214 γίνεται
1192 3120 1236 3195 o‘
1278 3115 1765 3215 αιτιολογικος
1796 3121 2340 3243 ἐπιφερομένων
2380 3149 2528 3193 των

294 3227 877 3350 παρῳχημένων,
966 3232 1118 3300 ἵνα
1182 3222 1402 3321 ύβρί
1416 3251 1528 3298 σω
1601 3226 1668 3297 Θ
1687 3224 1849 3299 ε’ων
1868 3253 1955 3314 a,
2046 3221 2133 3297 ού
2197 3218 2527 3318 φήσομεν

295 3321 930 3452 cir-avoexrq'oea
976 3330 1263 3410 Δι’ων,
1315 3321 1912 3452 ἠγανάκτησε
1957 3329 2054 3401 δέ.
2108 3325 2229 3400 ἐπί
2255 3354 2336 3420 γε
2377 3319 2526 3422 μήν

292 3433 436 3507 τοῦ
464 3429 1038 3507 ἄποτελεστικοῦ
1076 3433 1313 3506 ἔνεστι
1357 3425 1584 3528 φάναι
1605 3478 1627 3519 ,
1685 3436 1723 3501 ἴ
1730 3459 1773 3504 ν
1791 3459 1837 3503 α
1890 3460 1935 3503 υ
1917 3429 2004 3524 ’β
2018 3455 2060 3527 ρ
2081 3426 2111 3500 ι’
2127 3454 2171 3502 σ
2185 3456 2239 3500 ω
2297 3430 2420 3502 Θ’
2379 3457 2413 3503 ε
2428 3457 2522 3501 ω-

291 3565 400 3608 να
453 3562 508 3607 π
528 3563 576 3606 α
596 3559 639 3632 ρ
661 3537 923 3610 ἐσται
980 3530 1164 3630 Τρ’
1119 3563 1162 3608 υ
1185 3562 1390 3633 φων.
1443 3529 1713 3602 Eadem
1741 3534 1884 3603 aliis
1913 3533 2136 3602 verbis
2169 3532 2415 3625 repetit
2458 3532 2527 3600 in

291 3640 475 3708 libro
511 3638 601 3708 de
631 3639 1255 3708 coniunctionibus'
1236 3660 1306 3708 m
1335 3637 1644 3707 Bekkeri
1676 3637 1938 3710 Anecd.
1963 3661 2038 3730 p.
2065 3633 2244 3710 51⁰.
2262 3634 2435 3709 512.
2455 3644 2526 3705 et

291 3743 519 3812 obiter
554 3766 632 3835 p.
669 3738 846 3831 565,
883 3742 953 3817 1.
994 3751 1141 3811 tum
1170 3742 1560 3811 scholiastes
1585 3740 1895 3834 Dionysii
1917 3741 2207 3810 Thracis
2230 3763 2303 3832 p.
2346 3737 2519 3808 884.

293 3855 365 3915 et
392 3837 830 3917 Theodosius
862 3870 936 3938 p.
974 3841 1197 3934 1035,
1245 3845 1315 3919 1.
1368 3846 1609 3915 Nullus
1661 3847 1754 3914 ita
1791 3847 2107 3936 loquutus
2139 3851 2242 3912 est
2262 3843 2521 3936 proba

294 3958 400 4018 tus
431 3951 744 4042 scriptor.
813 3948 973 4018 Fuit
1015 3951 1193 4018 enim
1221 3949 1396 4018 haec
1427 3949 1711 4018 labantis
1739 3950 2013 4043 linguae
2043 3946 2431 4039 quaedam
2410 3971 2519 4014 m-

299 4055 513 4142 curia,
566 4063 645 4123 ut
685 4075 818 4147 pro
851 4054 1176 4123 infinitivo
1214 4054 1340 4123 ista
1371 4054 1863 4123 constructione
1891 4060 2226 4137 uteretur,
2276 4059 2353 4119 ut
2393 4051 2517 4118 ali-

298 4159 557 4246 quoties
596 4159 668 4226 in
706 4159 795 4227 N.
841 4158 930 4227 Τ.
963 4181 1022 4227 e.
1065 4181 1124 4226 c.
1168 4158 1340 4227 Luc.
1388 4157 1442 4226 1.
1490 4154 1613 4225 43.
1658 4156 1778 4230 καὶ
1814 4150 2050 4231 πόθεν
2094 4178 2229 4249 μοι
2262 4153 2514 4276 τοῦτο,

299 4265 414 4333 ἴνα
454 4263 640 4359 ἔλθῃ
675 4258 722 4360 ἦ
753 4252 995 4359 μήτηρ
1026 4258 1168 4335 τοῦ
1191 4257 1463 4382 κυρσίου
1493 4286 1646 4354 μου
1688 4257 1867 4356 πρός
1893 4280 2028 4351 M?
2082 4256 2250 4326 Inde
2282 4258 2512 4329 αἰτιο-

296 4359 574 4457 λογικός
616 4366 746 4434 iste
774 4387 932 4434 usus
961 4373 1155 4436 natus
1169 4414 1192 4452 ,
1242 4364 1360 4454 qui
1387 4386 1576 4433 mera
1602 4364 2005 4456 perversitas
2039 4370 2175 4446 est,
2229 4359 2509 4427 factum-
