3259 5275
791 493 881 556 7⁰
1156 537 1160 542 .
1469 487 1586 548 DE
1662 483 2213 550 PARTlchA
2257 479 2350 550 αν
2481 541 2482 544 ,

794 678 1109 772 ἑκατέρῳ
1164 671 1434 771 ζημίας
1457 678 1533 749 εἰι
1589 675 1730 749 τοῦ
1771 669 2010 768 νόμου
2070 669 3010 750 θανᾶτου.1)οιιιοει1ιειιεε

794 783 865 849 in
889 780 1065 853 Mid.
1091 804 1164 903 p.
1196 773 1375 863 554,
1408 779 1481 851 1.
1535 771 1674 869 ἐγώ
1705 775 1778 851 δ’
1814 775 1912 851 αὖ
1957 775 2398 853 τούναντίον
2439 773 2689 871 οἶμαι,
2741 782 2810 851 εἰ
2850 779 3007 852 τοῦ·

796 910 932 958 τον
968 879 1257 978 ἀφῆκα,
1308 883 1723 955 λελοιπέναι
1778 882 1961 973 μὲν,
2016 910 2070 954 ω
2105 880 2361 975 ἄνδρες
2400 878 2839 980 Αθηναῖοι,
2889 908 3014 977 την

796 985 939 1104 τοῦ
970 984 1253 1060 δικαίου
1286 976 1541 1075 τάξιν,
1596 977 1832 1079 φόνου
1870 981 1939 1058 δ
1965 984 2062 1059 ἄν
2079 979 2404 1108 α,εἰκότως
2428 982 2726 1104 ἐμαυτῷ
2753 989 3012 1073 λαχεῖν·

805 1083 892 1163 οὐ
925 1081 1067 1184 γοῖρ
1101 1085 1190 1186 ἦν
1221 1115 1356 1181 μοι
1398 1082 1629 1184 δηπου
1662 1077 1938 1179 βιωτον
1970 1087 2198 1162 τοῦτο
2229 1080 2643 1185 ποιήσαντι
2709 1087 2842 1155 Vbi
2865 1107 3016 1156 vero

801 1215 942 1261 non
990 1192 1079 1260 de
1126 1213 1247 1280 eo,
1315 1191 1503 1281 quod
1551 1212 1629 1259 re
1661 1213 1825 1258 vera
1862 1191 1993 1259 fuit
2045 1200 2160 1259 aut
2200 1213 2339 1259 non
2379 1190 2584 1273 suin
2601 1190 2754 1268 sed
2795 1190 2882 1260 de
2920 1211 3018 1278 eo,

806 1294 996 1386 quod
1031 1305 1228 1379 esset,
1281 1295 1337 1363 si
1387 1293 1552 1385 quid
1590 1293 1777 1362 aliud
1808 1303 2014 1380 esset,
2069 1317 2293 1364 sermo
2323 1304 2447 1381 est,
2487 1316 2702 1370 ,neces
2706 1294 2873 1363 sario
2903 1294 3017 1363 de-

803 1395 1058 1470 Ιιειῑαν
1089 1397 1450 1467 accedere.
1503 1404 1579 1465 ut
1618 1396 1811 1489 apud
1856 1397 2174 1466 eumdem
2213 1398 2312 1467 1.
2292 1420 2365 1466 ιιι
2413 1396 2660 1489 Steph.
2698 1420 2771 1490 p.
2811 1396 3021 1483 11⁰9,

808 1500 881 1570 7.
937 1497 1101 1575 οὐδ’·
1133 1500 1225 1574 ἄν
1263 1500 1363 1581 εἷς
1410 1502 1523 1575 ἔτι
1554 1493 1791 1596 δήπου
1834 1496 2048 1574 τοῦτ’
2093 1493 2640 1599 εμαρτύρησεν,
2696 1503 2764 1573 εἰ
2796 1495 2896 1598 μή
2922 1528 3020 1581 τις

804 1631 925 1677 και
970 1604 1211 1701 παρῆν
1258 1603 1751 1698 διατιθεμένῳ
1797 1604 1904 1699 τῷ
1939 1602 2166 1700 πατρὶ
2202 1603 2309 1700 τῷ
2356 1603 2543 1697 ἐμῷ,
2613 1600 2777 1676 αλλ’
2821 1598 3023 1685 ευθυς

807 1705 901 1780 ἄν
932 1704 1125 1780 εἶπε·
1182 1704 1259 1780 τί
1302 1702 1373 1779 δ
1413 1704 1617 1801 ἡμεῖς
1660 1707 1913 1797 ἴσμεν,
1966 1708 2042 1778 εἴ
2072 1709 2264 1787 τινές
2302 1708 2441 1780 εἰσι
2472 1706 2828 1803 διαθῆκαι
2864 1712 3020 1779 Ila-

808 1810 1102 1902 σίωνος,·
1155 1807 1577 1901 Oppositum
1617 1809 1796 1876 enim
1836 1809 2202 1901 cogitatur:
2257 1817 2342 1880 at
2382 1809 2493 1879 illa·
2533 1818 2708 1880 sunt
2746 1810 2881 1879 Ῑιοο
2926 1820 3020 1880 te-

809 1912 1011 1983 stati.
1113 1914 1272 1980 Non
1317 1913 1410 1980 ita
1444 1912 1515 1980 in
1556 1911 1684 1979 illis
1716 1911 1917 1999 locis,
1965 1913 2035 1980 in
2066 1913 2308 2002 quibus
2340 1912 2535 1982 deest
2559 1914 2886 2005 particula
2909 1911 3021 1986 ἄν.
3011 1936 3025 1954 ·

808 2037 1103 2106 quorum
1143 2015 1212 2083 in
1255 2016 1441 2085 nullo
1478 2023 1706 2107 potest
1733 2015 2140 2084 eontrarium
2174 2016 2457 2108 opponi.
2564 2016 2832 2086 Eadem
2869 2019 3022 2088 ratio

810 2128 914 2188 est
943 2119 1136 2188 verbi
1178 2112 1542 2216 δηλονότι.
1646 2117 2144 2188 Demosthenes
2184 2118 2274 2188 de
2308 2119 2480 2188 falsa
2508 2119 2720 2213 legat.
2753 2144 2824 2213 p.
2867 2118 3023 2208 353,

810 2220 937 2297 22.
967 2222 1013 2296 ὂ
1048 2220 1296 2296 τοίνυν
1316 2222 1666 2314 μέγιστον
1701 2216 2082 2295 ἅπαντων·
2137 2248 2179 2294 ο
2209 2248 2376 2318 γαρ
2365 2224 2483 2303 εἰς
2513 2250 2654 2319 την
2679 2226 3025 2322 προτέραν

812 2318 1100 2423 γράψας
1128 2317 1537 2419 ἐπιστολήν,
1590 2323 1680 2419 ἢν
1716 2322 2112 2418 ἠνέγκαμεν
2145 2321 2386 2418 ἡμεῖς,
2441 2322 2562 2399 ὅτι
2611 2326 2923 2423 ἔγραφον
2960 2323 3025 2401 δ

811 2455 906 2501 αν
957 2455 1080 2500 και
1133 2420 1572 2525 διαρῤἠδην,
1628 2422 1836 2523 ηλίιια
1880 2424 2073 2519 ὑμεῖς
2113 2423 2195 2500 εὖ
2235 2421 2558 2517 ποιήσω,
2618 2431 2690 2501 εἰ
2722 2427 2805 2504 εὖ
2844 2428 3024 2527 ᾔδειν

812 2528 930 2601 καί
958 2556 1095 2626 την
1127 2529 1553 2621 συμμαχίαν
1581 2554 1720 2618 μοι
1751 2530 2261 2657 γενησομένην,
2313 2530 2690 2625 γεγονυίας
2716 2533 2840 2631 τῆς
2864 2560 3027 2657 nvp:

809 2630 1078 2725 μαχίας
1111 2628 1199 2705 οὐ
1238 2631 1453 2729 φησιν
1495 2631 1765 2705 εἷ’δεναι
1807 2631 1884 2705 τί
1925 2662 2017 2705 αν
2057 2659 2288 2707 ποιων
2323 2632 2743 2730 χαρίσαιτο
2798 2632 3027 2711 ου’δὲὸ

814 2729 1039 2816 αὐτος
1090 2732 1483 2824 υπέσχετο·
1557 2759 1788 2807 τουτο
1849 2760 1989 2832 γαρ
2041 2734 2201 2832 ῃδει
2237 2731 2618 2834 δηλονότι,
2693 2742 2889 2836 εἴπερ
2932 2767 3023 2836 μη

814 2831 1226 2932 ἐφενάκιζεν
1267 2864 1475 2930 υμας.
1585 2834 1866 2931 Nempe
1912 2839 2158 2926 sciret,
2209 2840 2453 2929 inquit,
2505 2840 2653 2911 nisi
2679 2866 2809 2914 vos
2842 2842 3026 2914 ludi-

814 2940 976 3012 brio
1020 2938 1347 3011 haberet.
1449 2940 1609 3010 Non
1656 2950 1845 3011 recte
1893 2941 2178 3012 adderet
2230 2944 2660 3035 particulam.
2766 2946 3025 3042 Signifi-

815 3053 1004 3116 earet
1053 3044 1230 3114 enim
1246 3093 1268 3130 ‚
1337 3045 1594 3115 nescire
1633 3045 1844 3119 illum.

1833 3248 2019 3318 xm.

936 3402 1069 3472 De
1118 3399 1674 3472 indicativo
1715 3402 2234 3498 particula
2287 3402 2401 3476 ἄν
2450 3403 2929 3476 rhetorice

1751 3544 2109 3594 οηιιεεα.

1018 3655 1175 3726 Alia
1221 3656 1392 3725 ratio
1408 3704 1431 3743 ‚
1499 3679 1638 3747 qua
1675 3660 2012 3752 particula
2062 3687 2156 3733 αν
2211 3660 2583 3732 omittenda
2621 3674 2760 3753 est,
2823 3664 2890 3733 in
2928 3661 3030 3730 illa

812 3760 1042 3852 figura
1086 3759 1415 3848 cernitur,
1468 3783 1606 3851 qua
1649 3763 1844 3853 quod
1881 3764 1976 3834 ob
2026 3765 2480 3834 conditionem
2528 3790 2664 3836 non
2703 3768 3030 3863 impletam

810 3883 948 3931 nou
984 3870 1088 3965 est
1127 3862 1419 3951 factum,
1475 3865 1617 3933 sine
1650 3866 2037 3937 conditione
2078 3880 2157 3937 nt
2185 3869 2443 3939 factum
2472 3871 2770 3941 sumitur.
2869 3869 3030 3938 Nam

813 3957 1028 4056 quum
1059 3966 1128 4033 in
1159 3965 1298 4034 hoc
1329 3988 1587 4060 genere
1625 3992 1767 4039 non
1798 3971 2019 4063 possit
2058 3973 2464 4042 contrarium
2504 3976 2912 4092 oppositum·
2921 3991 3029 4039 co-

814 4069 1016 4161 gitari
1031 4119 1053 4155 ‚
1105 4071 1344 4139 abesse
1383 4093 1665 4141 neeesse
1695 4083 1798 4142 est
1825 4073 2232 4166 particulam
2249 4126 2270 4163 ‚
2323 4098 2502 4166 quae
2533 4077 2608 4147 id
2640 4075 2916 4171 eogitari
2934 4075 3029 4142 iu-

812 4171 954 4245 bet.
1022 4171 1172 4242 Sed
1205 4195 1292 4243 ex
1339 4195 1419 4242 ea
1464 4174 1614 4269 ipsa
1646 4200 1743 4265 re,
1803 4176 1994 4267 quod
2034 4178 2242 4249 debet
2283 4179 2354 4247 in
2386 4179 2522 4248 hac
2555 4182 2781 4275 figura
2811 4181 3029 4249 abesse

811 4275 1188 4368 particula,
1241 4278 1708 4368 consequitur,
1759 4282 2043 4374 proprie
2083 4282 2600 4377 intelligendum
2644 4307 2791 4355 esse
2839 4301 3028 4375 prae·

810 4380 1086 4449 teritum
1103 4431 1126 4469 ,
1192 4389 1261 4449 et
1311 4402 1447 4450 non
1488 4403 1695 4474 posse
1740 4383 1831 4453 de
1877 4395 2240 4477 praesente
2285 4396 2414 4456 aut·
2448 4387 2681 4458 futuro
2741 4397 3028 4505 tempore

811 4483 1056 4576 accipi.
1163 4483 1401 4575 Itaque
1445 4506 1581 4556 non
1612 4487 1774 4557 licet
1796 4487 1964 4579 dici,
2019 4493 2089 4565 εἰ
2120 4486 2388 4588 ηδίιιεις
2416 4492 2587 4586 aad,
2639 4493 3026 4587 ετιμωρου-
