3259 5275
534 501 637 562 DE
672 500 1343 566 mscRIP'rlomnvs
1388 501 1846 579 QVIBVSDAM
1880 503 2235 568 GRAECIS.
2363 509 2495 573 818

289 692 594 785 forsitan,
644 691 762 784 qui
806 692 1426 788 mytholog-iconum
1469 694 1942 787 mysteriorum
1981 694 2332 766 thesauros
2377 720 2491 768 re-

292 796 549 884 cludat,
615 798 927 890 exempla
971 798 1392 891 sepultorum
1434 797 1760 868 deorumz
1823 798 1950 868 sed
1995 806 2223 869 tamen
2273 801 2491 870 nemi-

288 923 477 988 nem,
530 902 645 992 qui
667 923 831 970 sana
867 911 1094 974 mente
1128 901 1248 990 sit,
1285 902 1422 971 tale
1453 902 1619 993 quid
1647 902 1772 971 sibi
1798 924 2312 995 persuasurum,
2366 905 2489 975 sed

286 1005 507 1097 potius
549 1003 1008 1074 confessurum
1049 1027 1394 1099 speramus
1412 1053 1436 1092 ‚
1484 1006 1779 1099 pessime
1820 1006 2008 1076 abuti
2049 1015 2195 1077 arte
2241 1008 2489 1096 critica,

288 1108 345 1177 si
383 1116 606 1177 tamen
654 1107 830 1178 haec
876 1118 978 1178 est
1031 1133 1142 1178 ars
1188 1108 1450 1196 critica,
1515 1131 1985 1203 summamque
2036 1110 2263 1180 facere
2315 1112 2491 1181 iniu-

288 1211 450 1281 riam
463 1264 485 1300 ‚
555 1213 675 1303 qui
720 1224 958 1304 aperte
1000 1212 1307 1281 absurda
1360 1214 1430 1281 in
1470 1214 1831 1306 scriptores
1883 1213 2145 1285 inferat,
2264 1218 2489 1306 Atque

287 1313 396 1385 hic
436 1315 716 1414 quidem
755 1316 919 1407 qnid
959 1339 1194 1386 verum
1235 1325 1416 1388 esset
1454 1326 1593 1384 tam
1642 1316 1843 1386 facile
1886 1327 2030 1386 erat
2059 1317 2364 1406 inventu,
2414 1328 2491 1389 ιιι

287 1405 660 1489 mirandum
691 1419 776 1489 sit
798 1418 1148 1512 quomodo
1171 1420 1381 1492 latere
1407 1421 1743 1513 potuerit,
1797 1420 1853 1490 si
1874 1421 1984 1490 vel
2009 1421 2244 1489 leviter
2271 1432 2492 1491 atten-

288 1540 552 1613 dissent.
686 1541 896 1634 Lapis
968 1539 1210 1630 habet,
1298 1514 2490 1616 TEONWEANETEJMEbN

286 1662 638 1732 Litterae
617 1685 923 1732 inversae
962 1661 1130 1736 Nu!
1171 1670 1242 1731 et
1269 1660 1459 1754 quod
1496 1659 1799 1751 sequitur
1831 1658 1907 1729 E
1930 1681 2060 1751 per
2102 1682 2490 1731 communes

287 1766 534 1835 lineas
514 1790 590 1836 ιιι
639 1788 843 1835 unam
884 1774 1038 1835 sunt
1077 1767 1372 1860 figuram
1418 1772 1718 1832 coactae.
1799 1762 2014 1852 Atqui
2042 1765 2173 1838 Ν
2153 1786 2493 1834 mversum

288 1869 481 1939 etiam
533 1872 608 1939 in
673 1879 916 1962 quarto
957 1891 1157 1939 versu
1203 1868 1400 1939 huius
1448 1865 1672 1936 lateris
1725 1864 2088 1958 invenitur,
2154 1859 2518 1961 nusquam⁸

286 2013 441 2060 vero
456 1998 567 2069 W
592 2013 726 2083 pro
752 1992 875 2080 M,
906 1989 1142 2074 sedW
1156 1991 1411 2080 ubique
1431 2010 1565 2084 pro
1587 1984 1677 2061 ..Q
1705 1986 2025 2079 positum.
2076 1986 2188 2056 Ex
2214 2010 2354 2080 quo
2378 2012 2491 2058 se-

287 2094 523 2184 quitur,
564 2094 752 2164 idem
781 2093 897 2163 hic
924 2115 1199 2185 quoque
1227 2094 1486 2163 factum
1512 2113 1682 2180 esse,
1713 2088 2041 2182 quodque
2075 2091 2337 2165 cum-{2
2364 2092 2491 2162 ista

286 2198 497 2291 lig-ma
554 2199 813 2290 scripto
867 2197 1188 2267 cohaeret
1229 2199 1338 2284 E,
1419 2196 1599 2265 male
1650 2193 1935 2280 lectum,
2001 2214 2140 2262 non
2182 2196 2261 2265 E
2318 2217 2489 2285 esse,

286 2298 407 2371 sed
432 2307 523 2376 Σ.
633 2302 750 2372 Sic
774 2299 1105 2371 habemus
1139 2298 1768 2386 ΤΕΟΝΩΣΑΝ,
1821 2295 2012 2389 quod
2040 2297 2190 2389 quis
2218 2319 2358 2367 non
2385 2300 2492 2369 vi·-

286 2404 440 2474 deat
474 2404 1082 2482 ΤΕΘΝΩΣΑΝ
1108 2427 1291 2493 esse,
1342 2425 1520 2495 quae
1557 2399 1929 2473 communis
1968 2398 2191 2470 forma
2220 2411 2322 2469 est
2358 2424 2491 2495 pro

284 2507 424 2597 illa,
475 2529 685 2601 qnam
722 2508 1069 2578 Atticistae
1096 2518 1175 2577 ιιι
1210 2507 1572 2603 probatam
1599 2503 2110 2592 commendant,
2160 2505 2493 2579 novem-

288 2611 466 2687 oar?
522 2611 789 2683 Moeris
817 2635 890 2706 p.
917 2610 1093 2682 449.
1120 2606 1436 2693 vamme
1462 2612 1587 2691 καὶ
1621 2607 2005 2684 τεθνεωσα
2038 2607 2494 2707 διῃρημένοις.

287 2714 424 2785 Sed
454 2738 593 2787 non
633 2739 918 2810 possum
955 2740 997 2785 a
1024 2716 1369 2786 Welckeri
1416 2716 1849 2786 adnotatione
1882 2711 2236 2782 discedere
2274 2713 2496 2806 prius-

288 2842 483 2910 quam
529 2821 772 2914 paucis
814 2819 906 2889 de
946 2821 1062 2889 illa
1102 2820 1291 2914 apud
1341 2819 1718 2890 Gruterum
1768 2815 2203 2909 inscriptione
2234 2814 2493 2905 dixero,

287 2946 417 3014 qua
446 2946 610 2994 usus
649 2932 754 2993 est
779 2923 870 2992 ad
904 2923 1504 2996 demonstrandum
1542 2924 1713 2994 illud
1753 2922 1948 2992 sicut
1976 2921 2196 2990 deum
2226 2920 2490 2994 colere.

285 3027 393 3097 Ab
435 3028 593 3121 ipso
642 3027 823 3097 enim
868 3029 1324 3152 excogitatum
1377 3039 1482 3099 est
1537 3028 1677 3098 hoc
1722 3023 2212 3113 testimonium,
2280 3046 2495 3115 quum

289 3139 354 3199 et
386 3131 888 3206 JstTszN
868 3154 937 3200 m
966 3158 1248 3226 rapum,
1299 3132 1490 3223 qnod
1532 3133 1690 3201 satis
1733 3127 2047 3199 dissimile
2080 3135 2217 3215 est,
2267 3135 2491 3196 muta-

288 3234 397 3317 vit,
435 3243 503 3305 et
538 3256 679 3304 non
703 3235 1075 3303 accuratius
1102 3235 1523 3304 considerata
1557 3234 1989 3328 inscriptione
2015 3231 2132 3301 illa
2160 3239 2309 3300 tum
2330 3230 2492 3317 hoc,

289 3347 427 3406 tum
481 3336 717 3435 ἄνδρα
764 3346 834 3406 et
886 3337 1361 3412 συνανεῖλατο
1414 3362 1552 3408 una
1602 3360 1761 3408 cum
1810 3336 2125 3423 articulo,
2187 3335 2304 3426 qui
2355 3336 2492 3404 iam
2621 3414 2634 3427 ο

288 3440 353 3509 in
393 3439 669 3511 Gruteri
712 3464 929 3535 opere
981 3464 1139 3510 cum
1188 3440 1443 3535 duplici
1494 3442 1897 3511 soloecismo
1946 3446 2104 3508 ante
2129 3431 2493 3536 Στρατό-

288 3569 474 3626 νικος
530 3545 791 3638 positus
849 3554 983 3633 est,
1062 3546 1345 3638 recepit.
1460 3544 1821 3640 Inscriptio
1879 3544 2011 3616 ista
2059 3540 2251 3637 apud
2301 3540 2492 3612 Gru-

290 3654 503 3717 terum
552 3649 649 3718 sic
698 3645 949 3718 habet·
929 3699 950 3719 .

539 3815 1504 3883 ΠΟΔΡΚΑΤΙΟΝΚΟῙΝΟΣ
1540 3862 1558 3882 .
1603 3862 1620 3880 .
1666 3865 1682 3882 .
1730 3865 1749 3883 .

535 3919 1407 3986 ΑΝΕΙΛΛΊῸΔΑΙΜΩΝ

535 4022 1332 4088 ΚΑΛΛΕΙΨΑΝΤΑΛΟ

536 4123 2114 4191 ΚΟΝΔΗΜΗἸῬΕῙΑΝΠῸΛΤΔΑΚΡΤΝΊῸ
2123 4127 2184 4189 Τ

413 4230 460 4293 5
540 4226 2350 4296 ΔΕΚΑΤΑΦΘΙΙΙΕΝΟΤΣΚΟΙΝΟΣΜΕΛΕΩΣΧΑ

538 4333 670 4395 ΔΕ
677 4332 914 4397 ΤΤΝΒ
926 4330 1983 4399 ΟΣΤΟΝΤΝΔΗΚΟΣΙΠΗΣΕ

422 4444 431 4451 “
547 4432 2037 4502 ΊὉΝΝῬΝΔΗΚΟΣΜΗΣΕΠΕΡῙΦΡΩΝ

540 4529 2382 4635 ΣΤΑΡΑΤΟΝῆῙΚΟΣΙΝΩΤΩΝΕΙΣΑΘΕΙΙΟΙΣΙΙ
