3259 5275
542 501 849 566 SEPTEM
900 500 1203 564 APERTA
1257 501 1563 568 OPERTA
1601 508 1720 568 ΔΡ.
1760 508 2246 580 AEscHYLVM.
2376 524 2507 588 889

1332 743 1448 814 Vl.

485 894 690 965 Levis
723 903 846 983 est,
897 893 1021 975 sed
1047 915 1134 963 eo
1163 894 1254 963 ad
1286 895 1651 967 eluendum
1680 900 1941 971 facilior
1969 906 2270 989 macula,
2322 931 2499 1000 qnae

284 999 351 1067 in
388 998 495 1068 his
551 1009 654 1068 est
693 998 1148 1067 Eumenidum
1192 999 1525 1087 versibus,
1577 1001 1757 1078 461.
1798 1030 1991 1098 seqq.
2045 1008 2165 1077 ubi
2219 958 2499 1084 &restes

283 1104 376 1171 sic
419 1102 510 1172 de
544 1102 756 1173 caede
793 1103 1001 1196 patris
1038 1102 1365 1193 loquitur.

800 1251 1015 1338 οὗτος
1060 1252 1322 1380 ἔφθιτ’
1350 1252 1442 1331 ού
1479 1257 1745 1349 καλῶς,
1795 1255 2045 1353 μολων

591 1365 659 1442 ἐς
711 1356 948 1448 οἷκον,
1001 1351 1189 1433 ἄλλοί
1238 1386 1352 1432 νιν
1403 1354 1901 1488 κελαινόφρων
1937 1358 2084 1463 ἐμη

583 1456 829 1587 μήτηρ
889 1466 1198 1537 κατέκτα
1253 1463 1605 1546 ποικίλοις
1655 1460 2108 1588 ἀγρεύμασιν

585 1558 974 1663 κρύψασα,
1025 1566 1352 1664 λουτρῶν
1404 1561 1873 1666 ἐξεμαρτύρει
1920 1563 2174 1667 φόνον.

281 1718 677 1790 Orationem
717 1742 857 1788 non
890 1717 1368 1789 cohaerentem
1388 1730 1475 1789 ut
1513 1722 1824 1808 sarciret,
1878 1719 2209 1820 λουτρων
2261 1729 2493 1796 conie-

279 1825 367 1892 cit
414 1824 508 1892 H.
559 1822 945 1918 Stephanus
962 1874 980 1901 ,
1034 1822 1250 1892 fessus
1305 1832 1532 1892 tamen
1572 1827 1900 1921 λουτρῶν
1948 1828 2152 1896 etiam
2198 1828 2493 1899 scholia-

278 1936 442 1996 stam
495 1927 765 2020 legisse.
885 1926 1129 2020 Aptius
1172 1926 1484 2019 Scaliger
1526 1930 1855 2023 λουτρῶν
1904 1927 1980 2003 δ’
2019 1927 2493 2028 ἐξεμαρτύρει

279 2031 682 2124 corrigebat.
782 2028 867 2098 ld
908 2030 1186 2121 quidam
1242 2030 1539 2123 amplexi
1587 2042 1772 2101 sunt:
1853 2034 1966 2101 alii
2012 2033 2102 2101 ad
2157 2035 2492 2127 Stephani

277 2146 497 2226 partes
555 2133 934 2222 redierunt,
991 2156 1129 2203 non
1175 2134 1561 2226 cogitantes-
1592 2157 1681 2204 ne
1727 2135 1826 2203 sic
1868 2136 2145 2228 quidem
2187 2141 2494 2230 copulari

278 2238 567 2331 abrupta
584 2286 606 2324 ‚
676 2258 904 2328 neque
959 2236 1561 2307 animadvertentes
1619 2247 1691 2306 et
1731 2239 2034 2331 ineptam
2071 2263 2242 2309 esse
2285 2265 2492 2332 quam

276 2341 598 2411 inferrent
634 2342 1025 2410 sententiam
1038 2389 1060 2427 ‚
1114 2350 1185 2411 et
1215 2363 1605 2435 repugnare
1628 2342 1776 2429 illis,
1817 2365 1992 2433 quae
2026 2343 2208 2412 dicta
2246 2347 2491 2415 suntin

279 2444 708 2539 Cboephoris
747 2468 810 2514 v.
847 2443 1023 2518 98⁰.
1070 2468 1262 2536 seqq.
1309 2444 1427 2513 ubi
1473 2445 1783 2515 velamen
1818 2445 2020 2534 illud,
2074 2469 2214 2538 qno
2258 2449 2493 2542 impli-

277 2557 497 2617 catum
556 2549 905 2618 occiderat
947 2548 1535 2642 Agamemnonem
1583 2546 2121 2642 Clytaemnestra
2134 2601 2157 2640 ,
2211 2554 2491 2647 populo

275 2653 664 2726 ostenditur.
744 2653 940 2722 Haec
966 2661 1107 2721 tam
1136 2660 1289 2721 sunt
1311 2652 1520 2745 plana
1533 2703 1554 2740 ‚
1605 2661 1881 2746 tamque
1901 2655 2087 2723 clara
2117 2656 2271 2725 luce
2298 2659 2491 2747 quasi

275 2754 516 2826 feriunt
575 2756 848 2843 οσιιΙοε,
917 2765 991 2824 ut
1046 2755 1159 2824 vix
1215 2755 1540 2825 credibile
1598 2756 1683 2825 sit
1698 2806 1721 2848 ,
1802 2781 1937 2827 non
1994 2759 2316 2830 exstitisse
2373 2762 2492 2851 qui

275 2852 625 2930 scriberet.

750 3002 978 3083 αλλοέ
1022 3037 1139 3085 νιν
1190 3005 1694 3131 κελαινόφρων
1746 3007 1888 3106 ἐμῆ

574 3108 816 3238 μητηρ
866 3114 1181 3188 κατέκτα
1234 3112 1587 3196 ποικίλοις
1639 3109 2095 3208 α’γρεύμασιν

579 3211 900 3314 κρύψασ
918 3264 940 3298 ‚
993 3216 1044 3289 α’
1095 3215 1426 3314 λουτρῶν
1476 3210 1949 3313 ἐξεμαρτύρει
2003 3209 2255 3312 φόνον.

272 3367 410 3439 Sed
458 3371 683 3440 nullus
726 3369 1065 3440 editorum
1116 3366 1304 3437 vidit.

1279 3725 1434 3799 vn.

466 3881 551 3949 ln
588 3876 1031 3974 supplicibus
1087 3901 1152 3954 v,
1183 3875 1356 3951 354.
1401 3877 1650 3947 chorus
1689 3898 1928 3969 regem
1970 3878 2334 3974 Pelasgum:
2373 3877 2480 3948 his

272 3982 484 4053 verbis
519 3992 666 4053 orat
701 3995 774 4055 ut
805 3984 933 4055 sibi
961 3984 1343 4053 subveniat:

573 4140 684 4213 ἴδε
728 4165 826 4231 με
875 4164 1019 4211 ταν
1072 4137 1298 4212 ἱκέτιν
1351 4127 1692 4263 φυγάδα
1692 4089 2146 4228 περίδρομον

572 4233 1084 4314 λευκόστικτον
1137 4237 1227 4321 ῶς
1279 4243 1592 4333 δαμαλιν
1641 4233 1749 4329 ἄμ
1802 4236 2101 4333 πέτραις

573 4337 997 4467 η’λιβατοις,
1051 4338 1154 4413 ἵν’
1195 4338 1381 4439 αλκοῖ
1430 4339 1728 4419 πίσυνος
1774 4339 2016 4433 μέμυ-

569 4473 650 4519 κε
704 4438 1084 4542 φράζουσα
1135 4445 1406 4544 βοτῆρι
1447 4436 1804 4540 μόχθους·

1931 4573 1992 4640 Y
2020 4574 2064 4624 *
