3259 5275
882 551 1833 615 nlssER'rA'rIO.
2336 557 2470 620 m

275 746 377 861 qui
420 746 485 814 iu
537 752 940 837 argumento
987 752 1056 811 et
1096 743 1184 811 ad
1235 764 1299 810 v.
1332 742 1418 834 l.
1461 742 1758 835 scripsit.
1811 743 2052 818 ἰστέον
2089 743 2164 815 δὲ
2214 741 2333 816 ὅτι
2372 739 2461 817 οὐ

272 843 447 921 κατα
492 842 626 921 τόν
661 839 913 920 κοινόν
952 840 1172 939 λόγον
1219 850 1296 919 ἐν
1326 844 1697 942 Καυκάσῳ
1738 845 1908 945 φησὶ
1954 848 2296 920 δεδέσθαι
2326 839 2461 919 τόν

278 952 715 1047 Προμηθεα,
789 943 976 1022 αλλα
1016 942 1197 1072 rto-53⁶
1241 955 1395 1030 τοῖς
1435 944 1907 1044 Εὐρωπαίοις
1956 950 2271 1042 τέρμασι
2321 949 2458 1023 τοῦ

272 1051 664 1143 Ὠκεανοῦ,
718 1080 808 1133 ως
837 1045 990 1125 α’πό
1023 1078 1175 1124 των
1219 1045 1398 1172 πρός
1437 1045 1573 1148 τήν
1613 1045 1738 1125 Ιω
1777 1054 2180 1143 λεγομένων
2224 1054 2453 1133 ἔξεστι

274 1160 672 1249 συμβαλεῖν.
780 1156 976 1241 Quae
1035 1155 1297 1224 tametsi
1360 1155 1701 1223 verissime
1742 1155 1922 1223 dicta
1975 1165 2165 1236 sunt,
2232 1166 2455 1223 tamen

272 1260 655 1351 quibusdam
704 1259 874 1328 falsa
912 1267 1065 1328 sunt
1104 1261 1278 1345 visa,
1330 1260 1521 1327 unius
1570 1258 1821 1327 codicis
1863 1258 2192 1349 scriptura
2231 1258 2555 1333 adda-12

274 1366 411 1447 cti3‚
463 1387 634 1453 quae
665 1364 837 1431 haee
865 1373 999 1431 est.
1054 1365 1296 1436 ἰστέον
1334 1359 1453 1433 ὅτι
1488 1367 1564 1433 ἐν
1597 1363 1704 1455 τῷ
1734 1355 2101 1455 Καυκάσῳ
2132 1361 2306 1457 φησὶ
2338 1366 2447 1434 δε-

273 1468 380 1539 δέσ
387 1477 514 1537 θαι
547 1461 682 1539 τόν
715 1467 1167 1562 Προμηθέα,
1220 1460 1397 1556 πρός
1425 1490 1578 1543 τοις
1604 1462 2067 1558 Εὐρωπαίοις
2092 1467 2348 1556 μέρεσι
2382 1466 2458 1538 δὲ

272 1569 395 1640 τοῦ
418 1570 824 1658 Ὠκεανοῦ,
878 1568 995 1640 καὶ
1030 1565 1158 1640 οὐκ
1191 1564 1553 1657 ἀλλαχοῦ,
1609 1595 1701 1648 ως
1745 1560 1897 1639 dno*
1937 1595 2082 1638 των
2116 1561 2294 1663 πρός
2322 1561 2459 1663 τήν

271 1665 377 1745 Ιω
402 1675 803 1765 λεγομένων
833 1673 1067 1744 ἔνεστι
1108 1675 1441 1743 συνιδειν.
1509 1670 1722 1739 Patet·
1737 1692 1920 1753 vero,
1976 1692 2057 1737 eo
2087 1671 2152 1738 in
2181 1670 2440 1740 scholio

271 1784 371 1842 aut
418 1775 863 1869 negationem¹
889 1776 1199 1842 omissam
1245 1797 1425 1860 esse,
1477 1782 1595 1841 aut
1640 1774 1986 1865 scripsisse
2028 1774 2457 1842 scholiastam
2512 1801 2516 1805 ⁴

271 1878 395 1949 τοῦ
420 1872 820 1951 Καυκάσου
864 1899 995 1969 pro
1037 1877 1176 1950 τοῦ
1206 1873 1598 1950 Ὠκεανοῦ.
1702 1879 1793 1945 Et
1821 1876 1956 1944 hoc
1989 1877 2226 1945 suadet
2254 1877 2459 1945 scho-

271 1982 391 2048 lion
415 1980 565 2051 MS.
599 1981 692 2050 ad
719 2004 784 2054 v.
808 1979 990 2054 563.
1019 1981 1086 2048 in
1110 2003 1248 2070 quo
1274 1980 1362 2047 de
1386 1980 1551 2048 Ione
1582 1980 1856 2049 dicitur:
1910 1974 2312 2077 κατήντησε
2344 1980 2459 2053 καὶ

270 2084 435 2158 ἔνθα
470 2080 556 2181 ἦν
602 2082 647 2156 ὁ
700 2077 1149 2205 Προμηθεύς
1187 2085 1560 2173 δεδεμένος
1591 2077 1772 2175 πρός
1812 2088 1965 2163 τοῖς
1996 2079 2462 2178 Εὐρωπαίοις

270 2189 501 2280 μέρεσι
547 2188 692 2260 τοῦ
735 2180 1166 2273 Καυκάσου,
1220 2184 1339 2258 καί
1372 2184 1517 2280 ὁρᾷ
1559 2180 1787 2258 αὐτόν
1821 2190 2044 2258 ἐκεῖσε
2087 2191 2458 2282 προςηλω-

271 2290 474 2378 μένον
516 2295 593 2364 ἐν
638 2317 799 2370 ταις
842 2291 1142 2385 πέτραις
1186 2289 1326 2360 τοῦ
1380 2287 1615 2382 ὄρους
1726 2289 1832 2356 Ex
1890 2288 1994 2355 his
2048 2290 2458 2381 intelligitur,

273 2391 434 2460 huuc
459 2393 909 2476 scholiastam‚
964 2392 1196 2482 quod
1178 2415 1245 2460 m
1276 2389 1584 2460 Caucaso
1609 2392 1958 2484 alligatum
1992 2415 2138 2460 esse
2169 2394 2458 2462 Prome·-

273 2494 827 2567 theum-crederet
847 2550 868 2587 ‚
921 2519 1082 2564 sane
1114 2494 1388 2586 quidem
1416 2517 1501 2564 eo
1539 2519 1679 2585 quo
1715 2496 1817 2564 isti
1855 2496 2090 2563 volunt
2115 2496 2321 2564 modo
2351 2497 2460 2563 lo·-

274 2621 414 2668 cum
473 2601 659 2670 illum
715 2600 1227 2693 interpretatum
1287 2622 1469 2682 esse,
1547 2599 1738 2690 quod
1797 2598 1957 2667 fecit
2024 2600 2225 2669 etiam
2297 2600 2461 2669 alius

274 2703 638 2774 scholiastes
670 2703 763 2772 ad
792 2727 856 2773 v,
902 2703 1076 2777 717.
1116 2713 1187 2772 at
1228 2725 1405 2792 quae
1434 2703 1710 2773 tandem
1752 2704 1970 2771 malae
2002 2714 2228 2796 potest
2259 2726 2464 2796 aper-

273 2816 456 2896 teque
494 2809 719 2878 verbis
766 2817 1013 2900 poetae
1058 2808 1494 2899 repugnantis
1540 2808 2102 2898 interpretationis
2149 2832 2292 2875 esse
2339 2829 2462 2875 au-

274 2910 570 2981 ctoritas?
594 2910 830 2980 Nihilo
855 2911 1071 2979 minus
1099 2932 1249 2978 eam
1275 2912 1666 2979 sententiam
1695 2910 2080 2979 defendere*
2098 2934 2316 3001 nuper
2342 2932 2464 2978 co-³

272 3023 447 3083 natus
489 3026 589 3084 est
627 3014 1057 3083 Hermanuus
1084 3014 1516 3106 Reinganum
1544 3016 1612 3082 in
1635 3014 1848 3082 Iahuii
1878 3014 2252 3099 Annalibus
2283 3015 2464 3081 litte-

274 3119 440 3186 rariis
469 3141 529 3192 a.
570 3115 796 3186 1828.
831 3118 961 3186 vol.
1011 3117 1096 3187 11.
1134 3117 1297 3185 fasc.
1335 3116 1452 3185 111.
1485 3141 1555 3209 p.
1599 3115 1776 3191 329.
1825 3118 1938 3209 qui
1988 3139 2197 3206 quum
2234 3108 2464 3188 αὐτόν

276 3215 651 3294 Καύκασον
678 3220 770 3289 de
801 3241 1065 3289 summo
1089 3220 1340 3288 vertice
1368 3220 1508 3311 iugi
1536 3220 1710 3289 illius
1727 3274 1747 3309 ‚
1783 3221 1982 3288 cuius
2007 3221 2137 3288 alia
2169 3220 2239 3286 in
2266 3229 2464 3310 parte

275 3323 565 3416 alligatus
604 3325 809 3393 fuerit
849 3323 1297 3392 Pmmetheus
1325 3377 1346 3413 ‚
1415 3323 1670 3392 dictum
1713 3324 1972 3410 statuit,
2038 3322 2246 3414 idque
2299 3343 2463 3389 con-

274 3426 505 3497 firmari
530 3429 792 3520 putavit
816 3427 1037 3497 verbis
1051 3476 1072 3513 ,
1122 3448 1299 3517 quae
1332 3436 1484 3495 sunt
1510 3450 1572 3496 v,
1603 3425 1777 3496 846.

382 3640 387 3645 .
461 3578 735 3655 Νείλου
763 3572 943 3679 πρύς
971 3575 1175 3675 αὐτῷ
1210 3571 1529 3672 στόματι
1565 3578 1683 3652 καὶ
1716 3571 2215 3676 προςχωματι,

275 3731 444 3823 ipse,
492 3754 698 3824 quam
737 3733 1003 3802 diversa
1043 3731 1491 3821 confudisset,
1550 3732 2081 3802 animadvertere
2125 3739 2464 3823 potuerat,

279 3835 327 3902 si
365 3838 749 3930 cogitasset,
799 3836 917 3906 illo
947 3838 1016 3905 in
1048 3859 1247 3906 versu
1290 3859 1428 3906 nou
1471 3837 1745 3911 Νείλου
1780 3829 1960 3930 πρὸς
2002 3831 2240 3909 αὐτοῦ
2290 3830 2466 3908 στόὸ

277 3961 447 4029 ματι
483 3964 630 4010 oese
670 3941 1014 4033 scriptum.
1120 3938 1400 4009 Certum
1433 3941 1680 4033 igitur,
1729 3939 2138 4029 minimeque
2184 3937 2466 4006 dubium

281 4050 399 4127 est,
461 4044 528 4112 in
588 4044 821 4113 fabula
867 4043 1227 4136 superstite
1270 4044 1757 4113 Prometheum
1810 4065 1946 4112 non
2007 4043 2077 4110 in
2109 4040 2466 4126 Caucaso,

281 4142 391 4211 sed
422 4146 487 4214 in
502 4147 826 4238 Scythiae
852 4156 1048 4240 parte
1077 4169 1180 4235 ea,
1210 4170 1385 4236 quae
1400 4148 1723 4218 remotior
1751 4171 1794 4216 a
1820 4145 2130 4217 Caucaso
2162 4146 2265 4232 sit,
2318 4144 2468 4213 vin-

282 4254 447 4315 ctum
485 4249 635 4318 dici.
739 4253 983 4342 Neque
1025 4251 1387 4320 obscurum
1425 4262 1561 4335 est,
1616 4275 1737 4320 cur
1765 4250 1839 4318 id
1866 4250 2129 4319 finxerit
2153 4247 2468 4337 Aeschy-

283 4347 392 4417 lus.
487 4354 680 4425 Loco
721 4355 898 4424 enim
942 4378 1114 4446 opus
1165 4365 1309 4423 erat
1352 4357 1636 4447 propius
1681 4354 1769 4422 ad
1805 4352 2158 4423 Oceanum
2186 4353 2342 4432 sito,
2398 4360 2467 4415 ut

282 4453 490 4522 mallei
522 4457 760 4529 ictibus
791 4481 875 4527 ex
905 4459 1108 4526 antris
1128 4459 1260 4527 suis
1283 4459 1553 4527 excitari
1570 4467 1851 4552 possent
1875 4454 2216 4547 nymphae
2238 4451 2466 4522 Ocea-

288 4555 497 4673 uides,
543 4561 828 4653 ipseque
858 4584 942 4631 ex
981 4560 1213 4631 abdita
1237 4562 1402 4631 sede
1447 4584 1568 4631 sua
1600 4571 1798 4654 pater
1826 4559 2094 4628 evocari
2123 4551 2467 4627 Oceanus.
