3259 5275
768 514 894 577 180
1437 503 1550 565 DE
1622 501 2168 569 PARTlchA
2214 498 2307 569 ἂν

766 700 986 770 rodot.
1029 695 1178 765 vll.
1220 692 1395 764 2⁰3.
1451 689 1771 789 ὀφείλειν
1823 688 1921 765 ὦν
1971 690 2091 766 καί
2139 687 2273 767 τόν
2320 681 2851 785 ἐπελαύνοντα,
2904 694 2990 778 οἷς

771 799 991 880 ἐόντα
1021 791 1341 896 θνητόν,
1395 789 1547 869 cino*
1580 796 1706 894 τῆς
1735 790 1934 895 δόξης
1970 797 2253 870 πεσέειν
2282 794 2395 869 ἄν.

969 902 1327 972 Difficilior
1384 909 1488 968 est
1552 899 1854 988 quaestio
1906 898 1994 966 de
2046 900 2365 968 infinitivo
2421 899 2626 969 futuri
2679 924 2834 970 cum
2879 901 2990 973 ἄν.

768 1009 877 1077 De
904 1030 987 1076 eo
1028 1007 1123 1074 sic
1148 1002 1625 1098 grammaticus
1663 1025 1773 1094 ap.
1801 1000 2025 1071 Bekk.
2056 1025 2128 1094 p.
2170 1000 2340 1074 127.
2392 1006 2736 1096 μέλλοντι
2770 1002 2815 1078 ό
2858 1005 2995 1098 μὲν

767 1110 918 1183 τῶν
943 1106 1472 1226 γραμματικῶν
1518 1100 1752 1178 κανών
1788 1101 1918 1177 οὐκ
1950 1105 2361 1200 ἐπιτρέπει,
2414 1101 2617 1203 παρά
2650 1113 2807 1189 τοῖς
2851 1105 2995 1202 α’ρ-

768 1212 1002 1304 χαίοις
1032 1211 1108 1284 δὲ
1140 1205 1267 1283 οὐκ
1296 1205 1504 1300 ὀλίγα
1521 1207 2085 1299 παραδείγματα
2106 1205 2533 1299 evol-onerat
2589 1211 2990 1308 Δημοσθέ-

767 1342 886 1413 νης
922 1316 1226 1407 πέμπτῳ
1275 1310 1730 1384 Φιλιππικῶν
1783 1312 2043 1400 (locum
2080 1310 2327 1379 frustra
2356 1316 2719 1404 quaeras)·
2775 1310 2989 1387 οὐδὲν

768 1445 862 1493 αν
891 1410 1176 1491 τούτων
1208 1412 1380 1509 ημῖν
1417 1415 1676 1505 οἴομαι
1717 1407 2173 1534 πολεμήσειν.
2227 1415 2344 1486 καὶ
2384 1420 2462 1488 ἐν
2492 1417 2600 1510 τῷ
2627 1410 2805 1510 πρός
2843 1419 2995 1490 Λε-

769 1520 1050 1646 πτίνηνυ
1073 1519 1178 1639 (Ρ.
1220 1515 1397 1638 467,
1440 1515 1640 1607 28.)·
1694 1512 1960 1589 οὖνοῦν
2000 1511 2180 1608 προ“ς
2210 1522 2498 1598 πολλοῖς
2521 1519 2646 1640 moi’c
2673 1514 2996 1612 βλάψειν

770 1623 864 1697 ἄν
894 1620 1082 1715 ὑμᾶς
1126 1617 1170 1692 ὁ
1204 1613 1429 1709 νόμος
1467 1616 1830 1713 φαίνεται.
1881 1646 1999 1689 ιιαι
2032 1623 2109 1693 ἐν
2142 1613 2405 1746 πρώτῳ
2443 1648 2589 1693 των
2640 1625 2995 1695 Φιλιππι-

766 1726 953 1799 univ·
1020 1751 1110 1803 ως
1151 1718 1329 1819 μηδ’
1373 1718 1629 1794 οτιοῦν
1676 1719 1771 1793 ἄν
1813 1714 2052 1794 δεινον
2098 1721 2504 1795 πείσεσθαι.
2574 1721 2997 1821 Ἰσοκράτης

767 1835 846 1904 ἐν
901 1827 1008 1919 τῷ
1053 1825 1217 1920 περὶ
1268 1824 1395 1921 τῆς
1451 1818 1881 1903 ἀντιδόσεως
1937 1824 2056 1915 (Ρ.
2105 1822 2278 1893 342.
2324 1825 2411 1893 D.
2456 1824 2629 1894 436.
2677 1827 2908 1899 Bekk.
2927 1834 2992 1916 )·

767 1923 1168 2051 ηγούμενος
1201 1932 1276 2000 ἐκ
1308 1926 1449 1999 τοῦ
1478 1951 1862 2019 παραινειν
1895 1921 2032 2020 τήν
2067 1953 2150 1998 τε
2185 1921 2522 2000 διάνοιαν
2552 1924 2686 2018 τήν
2719 1929 2993 2002 ἐκείνου

765 2026 1092 2127 μάλιστα
1134 2029 1226 2101 ἂν
1274 2025 1671 2123 ωφελήσειν
1707 2057 1827 2100 ιιαι
1856 2056 1991 2101 τον
2020 2023 2300 2123 τρόπον
2335 2058 2470 2103 τον
2516 2033 2846 2122 ἐμαυτοῦ
2877 2038 2994 2130 δη·

767 2134 1042 2209 λιόσειν.
1127 2133 1353 2217 Quem
1384 2132 1496 2200 hic
1525 2154 1607 2200 ex
1637 2132 1973 2256 Leptinen
2004 2132 2477 2201 Demosthenis
2510 2135 2735 2203 locum
2768 2135 2992 2220 affert,

765 2241 834 2308 in
863 2261 946 2306 eo
970 2236 1179 2305 hodie
1211 2237 1460 2328 legitur
1490 2234 1598 2315 οἶς
1617 2232 1711 2306 ἄν
1738 2262 1779 2307 ο
1809 2228 2034 2326 νόμος
2059 2230 2375 2330 βλάψειν
2409 2264 2596 2329 υμας
2625 2238 2989 2333 φαίνεται.

766 2342 956 2412 Vnus
1022 2349 1248 2408 autem
1294 2339 1466 2406 liber
1524 2336 1713 2427 apud
1763 2336 2157 2405 Bekkerum
2209 2339 2451 2407 omittit
2505 2338 2617 2414 ἄν.
2720 2341 2800 2409 ln
2843 2342 2992 2411 Iso-

767 2444 968 2514 cratis
995 2443 1150 2510 loco
1182 2435 1455 2531 μάλιστ
1474 2436 1490 2456 ’
1521 2432 1918 2535 ω’φελήσειν
1948 2440 2089 2509 sine
2120 2441 2549 2512 adnotatione
2581 2442 2770 2511 dedit
2795 2444 2991 2513 Bek-

766 2548 993 2618 kerus,
1048 2543 1350 2614 Omitti
1301 2572 1391 2615 αν
1404 2566 1471 2611 ιιι
1492 2542 1645 2610 cod.
1667 2543 1829 2610 Vrb
1854 2544 2181 2613 exlitteris
2196 2546 2334 2614 eius
2350 2546 2510 2615 scio.
2564 2549 2669 2615 Ac
2688 2548 2857 2617 liber
2877 2549 2993 2617 ille

767 2651 1056 2722 Vrbinas
1073 2649 1276 2718 etiam
1289 2648 1464 2715 aliis
1447 2670 1514 2715 ιιι
1529 2646 1692 2715 locis
1709 2649 2135 2738 eaparticula
2160 2659 2377 2719 caret:
2405 2659 2479 2718 ut
2503 2673 2577 2743 p.
2600 2650 2769 2721 162.
2793 2650 2875 2722 C.
2905 2650 2994 2748 ἢν

769 2755 847 2828 δὲ
877 2747 1006 2827 δια
1037 2753 1287 2831 τέλους
1295 2744 1675 2873 -dxozioqrs
1707 2777 1856 2840 μου
1889 2754 2349 2847 προςέχοντες
2369 2780 2502 2826 τον
2523 2754 2721 2837 νοῦν,
2776 2751 2994 2847 οἶμαι

767 2850 1045 2937 πάντας
1059 2883 1152 2926 αν
1169 2851 1357 2946 ὑμᾶς
1371 2846 1969 2944 καταγνωσεσθαι
1992 2848 2263 2949 πολλήν
2291 2852 2555 2928 άνοιαν
2569 2858 2689 2928 καὶ
2716 2858 2993 2949 μανιάν

764 2987 913 3032 των
958 2985 1094 3054 την
1138 2953 1426 3029 άδικίαν
1465 2954 1881 3038 πλεονεξίαν
1931 2954 2118 3029 εἶναι
2154 2952 2637 3050 νομιζόντων·
2690 2969 2760 3028 et
2806 2961 2876 3029 in
2916 2961 2992 3029 iis

767 3084 940 3152 quos
975 3059 1313 3129 Matthiae
1354 3059 1576 3127 citavit
1604 3059 1674 3126 in
1705 3058 1828 3126 Gr.
1861 3082 1964 3152 gr.
1999 3082 2072 3151 p.
2111 3057 2287 3135 88⁰.
2323 3062 2440 3153 qui
2471 3061 2661 3131 addit
2687 3063 2994 3154 Thucy-

766 3165 996 3234 didem
1041 3165 1125 3234 H.
1178 3161 1300 3234 80.
1348 3171 1508 3231 extr.
1563 3161 2013 3253 νομίζοντες,
2069 3164 2141 3234 εἰ
2181 3158 2461 3260 ταύτην
2517 3158 2814 3262 πρώτην
2853 3161 2992 3240 λά-

763 3275 996 3364 βοιεν,
1049 3265 1309 3365 ῥᾳδίως
1352 3265 1443 3337 ἄν
1477 3265 1684 3359 σφίσι
1731 3263 1962 3337 τάλλα
2004 3262 2552 3364 προςχωρήσειν.
2657 3266 2996 3339 omittunt

766 3372 858 3445 άν
886 3371 1024 3440 duo
1058 3369 1259 3438 codd.
1319 3367 1704 3460 Sophocles
1738 3365 1914 3436 Oed.
1947 3366 2098 3438 Col.
2134 3367 2352 3438 1⁰75.

1095 3548 1187 3603 ως
1237 3518 1665 3645 προμνᾶταί
1713 3518 1793 3592 τί
1838 3547 1972 3611 μοι

1092 3651 1379 3718 γνωμα.
1434 3617 1575 3714 τάχ
1659 3650 1752 3695 αν
1804 3617 2059 3698 δωσειν

1095 3721 1234 3799 τάν
1288 3720 1492 3800 δεινα
1542 3727 1840 3800 τλᾶσαν.

759 3877 895 3946 Hic
933 3878 1292 3948 Elmsleius
1337 3881 1522 3948 litem
1559 3878 1843 3949 intendit
1880 3880 2276 3970 particulae.
2385 3879 2790 3974 Comparari
2836 3906 2986 3953 cum

760 3980 868 4048 his
909 3990 1156 4073 potest,
1202 3984 1444 4052 nullius
1498 3992 1723 4053 tamen
1767 3985 2171 4052 auctoritatis
2219 3984 2538 4076 scriptor,
2594 3986 2985 4056 scholiastes

760 4082 1033 4152 Pindari
1061 4085 1152 4152 ad
1181 4086 1271 4158 N.
1308 4085 1424 4154 lv.
1455 4084 1576 4158 81.
1629 4082 1718 4158 οὐ
1751 4080 1986 4180 φάναι
2029 4115 2121 4160 αν
2150 4082 2442 4168 δώσειν
2497 4115 2558 4161 ει
2580 4115 2687 4181 μη
2721 4116 2979 4188 προςο-

760 4178 1088 4283 μιλήσαι.
1190 4187 1551 4281 Euripides
1581 4189 1739 4258 Hel.
1766 4184 1942 4261 Ι155.

964 4366 1229 4439 πικρως
1281 4370 1375 4416 αν
1425 4338 1640 4437 οἶμαί
1671 4337 1746 4438 γ’
1787 4337 2112 4436 dynam
2138 4337 2312 4426 τοιῗς
2340 4335 2507 4424 σοίς
2532 4337 2811 4437 λόγους.

759 4494 984 4565 Nemo
1026 4518 1164 4566 non
1206 4496 1407 4567 facile
1454 4497 1758 4592 corrigat
1803 4492 1952 4595 ἄρ’.
2055 4497 2252 4567 Plato
2288 4495 2548 4590 cratyl.
2582 4520 2660 4591 p.
2690 4495 2864 4569 391.
2888 4497 2971 4566 A.
