3259 5275
896 468 1851 534 DISSERTATIO.
2347 475 2482 542 m

280 661 547 757 puerile,
599 684 685 729 ne
714 660 1104 754 hyperbole
1129 658 1429 751 quidem,
1480 660 1716 750 quales
1742 661 2060 732 iratorum
2080 672 2251 748 sunt,
2297 685 2476 756 pue-

281 765 405 835 rilis
428 764 639 834 videri
670 764 941 853 debeat,
990 765 1115 834 nisi
1144 765 1199 834 si
1226 763 1508 833 modum
1542 764 1860 842 excedat:
1911 765 2100 855 quod
2132 789 2341 856 quum
2374 769 2472 854 fit,

280 869 465 938 etiam
488 868 590 936 ira
614 867 948 938 videbitur
976 868 1148 937 iusto
1183 869 1397 937 maior
1428 891 1612 947 esse,
1665 878 1741 938 ut
1766 869 1917 960 ipsa
1952 870 2178 961 potius
2194 919 2216 955 ‚
2268 893 2472 960 quam

278 972 647 1064 hyperbole
674 973 758 1040 sit
799 971 1385 1065 reprehendenda.
1491 972 1641 1041 Nec
1674 972 1988 1064 profecto
2023 973 2091 1042 in
2130 973 2240 1060 iis,
2295 997 2470 1065 quae

258 1075 360 1144 'de
397 1076 529 1146 filia
570 1076 1102 1168 Agamemnonis
1146 1075 1308 1144 dicit
1347 1074 1687 1160 Achilles,
1738 1075 2110 1166 quidquam
2152 1087 2253 1145 est
2285 1079 2474 1169 quod

278 1179 628 1271 vituperari
662 1181 900 1271 possit.
1000 1179 1240 1252 Altero
1265 1189 1492 1250 autem
1526 1178 1708 1254 dicto
1742 1190 1928 1248 recte
1956 1178 2257 1249 offensus
2278 1181 2471 1251 vide-

277 1293 375 1354 tur
412 1283 806 1354 Aristoteles
824 1334 845 1369 ‚
897 1282 1056 1368 sed,
1108 1305 1244 1372 qua
1289 1293 1391 1352 est
1437 1282 1832 1380 brevitate,⁸
1868 1305 2005 1351 non
2054 1282 2220 1353 dixit
2259 1308 2467 1378 argu-

277 1395 506 1459 menta.
608 1388 672 1454 N
677 1409 768 1456 on
796 1385 1361 1478 reprehendisset,
1412 1386 1678 1478 opinor,
1731 1388 1786 1455 si
1814 1385 1973 1476 hoc,
2027 1396 2097 1455 et
2119 1389 2282 1457 nihil
2323 1412 2474 1458 am-

276 1490 437 1582 plius
477 1489 735 1562 diceret
782 1489 1105 1560 Achilles,
1205 1489 1335 1558 Est
1380 1490 1555 1558 enim
1587 1490 1761 1558 haec
1803 1488 2193 1583 hyperbole
2231 1514 2317 1561 ex
2352 1493 2473 1562 illo

274 1615 532 1684 genere,
583 1592 775 1684 quod
797 1616 921 1665 usu
952 1591 1371 1664 debilitatum
1401 1601 1519 1666 est.
1602 1594 1697 1662 At
1727 1592 1957 1664 videat
1987 1594 2151 1664 mihi
2179 1596 2325 1686 quis
2358 1605 2471 1665 to-

275 1697 874 1780 tumiuumqlocum
901 1745 923 1782 ‚
974 1696 1168 1770 Iliad.
1203 1696 1322 1770 lx.
1363 1694 1538 1772 319.
1618 1771 1631 1788 ,

367 1844 527 1923 οὐδ
559 1852 635 1923 εἴ
650 1877 790 1943 μοι
821 1843 1098 1932 δεκάκις
1126 1878 1209 1924 τε
1237 1846 1744 1933 καὶ-εἰκοσάκις
1771 1845 1957 1926 τόσα
1987 1852 2183 1950 δοίη,
2475 1855 2570 1925 13

365 1950 541 2026 ὅσσα
574 1955 668 2029 τέ
701 1959 775 2026 οἱ
803 1952 1036 2079 ’νῦν
962 1953 1160 2044 ἐστι’,
1212 1953 1334 2027 καὶ
1365 1956 1440 2027 εἴ
1459 1964 1697 2028 ποθεν
1730 1953 1914 2029 ἄλλα
1945 1959 2270 2048 γένοιτο·

366 2157 805 2252 Αἰγυπτίας,
859 2159 992 2234 ὅθι
1017 2163 1320 2236 πλεῖστα
1353 2151 1681 2251 δόμοις*
1643 2188 1723 2242 ev
1752 2156 2094 2256 κ”τήματα
2130 2166 2402 2251 κεῖται,

371 2258 530 2336 αἴθ’
567 2255 1063 2356 ἑκατόμπυλοί
1098 2265 1273 2350 εἰσι,
1331 2255 1683 2361 διηκόσιοι
1714 2258 1789 2335 δ
1816 2260 1939 2336 οἷν
1967 2258 2272 2362 ἑκάστην

365 2360 605 2460 ἀνέρες
647 2367 1039 2456 ἐξοιχνεῦσι
1075 2392 1209 2438 συν
1243 2373 1576 2439 ἵπποισιν
1601 2363 1793 2437 xal‘
1748 2390 2081 2490 οχεσφιν’

367 2464 526 2540 οὐδ
552 2471 629 2540 εἴ
648 2494 786 2561 μοι
815 2464 1003 2543 τόσα
1037 2467 1236 2564 δοίη,
1288 2466 1426 2541 ὅσα
1459 2462 1820 2562 ψάμαθός
1859 2497 1939 2542 τε
1968 2462 2162 2551 κόνις
2200 2497 2323 2558 τε,

321 2617 325 2622 -
366 2567 535 2646 οὐδέ
559 2598 682 2647 κεν
708 2571 800 2654 ὥς
832 2574 945 2646 ἔτι
974 2566 1226 2664 θυμόν
1253 2565 1432 2665 ἐμόν
1460 2568 1712 2645 τιδι”σει
1755 2566 2267 2665 Ἀγαμέμνων,

365 2675 528 2771 πρίν
557 2705 600 2768 γ
619 2670 637 2692 ’
670 2673 817 2749 ἄπο
849 2677 1091 2750 πᾶσαν
1123 2674 1289 2766 ἐμοὶ
1319 2667 1625 2766 δόμεναι
1653 2670 2041 2769 θυμαλγέα
2076 2671 2336 2773 λώβην.

274 2825 401 2895 Tot
424 2829 703 2897 aliarum
729 2851 955 2897 rerum
985 2829 1623 2898 commemoratione
1646 2852 2050 2922 praegressa
2081 2854 2215 2898 non
2254 2834 2470 2924 potuit

272 2951 482 3000 versus
513 2933 627 3002 ille
661 2934 756 3003 sic
788 2932 1009 3020 adiici,
1061 2943 1135 3000 ut
1159 2956 1289 3027 pro
1316 2942 1475 3002 nota
1504 2941 1573 3002 et
1606 2934 1843 3001 usitata
1873 2934 2127 3002 ratione
2150 2936 2468 3025 loquendi

271 3030 655 3105 haberetur:
727 3037 1085 3129 langueret
1128 3038 1346 3109 enimt
1412 3059 1636 3127 neque
1678 3059 1843 3104 vero
1899 3038 2195 3131 augendi
2235 3061 2468 3107 caussa

272 3147 416 3228 apte
455 3140 721 3208 additus
760 3149 892 3210 estz
943 3163 1101 3208 nam
1136 3142 1260 3209 etsi
1303 3163 1544 3208 arenae
1585 3140 1843 3207 infinito
1876 3139 2089 3209 maior
2121 3164 2322 3232 quam
2358 3140 2466 3209 di-

272 3241 559 3312 vitiarum
598 3244 667 3313 in
710 3239 1130 3312 orchomeni
1165 3244 1274 3313 vel
1314 3242 1713 3312 Thebarum
1771 3242 2097 3312 thesauris
2149 3268 2465 3314 numerus

272 3353 383 3431 est,
429 3348 757 3415 minorem
782 3356 1008 3414 tamen
1037 3346 1128 3413 ad
1157 3346 1412 3415 animos
1443 3346 1853 3414 audientium
1870 3347 2006 3414 vim
2033 3347 2262 3437 habet,
2309 3350 2466 3438 quia

271 3447 629 3537 splendoris
686 3450 1091 3543 cogitatione
1147 3473 1189 3516 a
1241 3449 1478 3518 divitiis
1522 3449 1652 3517 illis
1698 3458 2071 3542 superatur.
2182 3451 2466 3520 Accedit

271 3550 475 3639 quod,
526 3577 702 3644 quae
737 3551 826 3622 de
851 3553 1115 3621 Thebis
1153 3552 1414 3621 adiecta
1449 3561 1641 3639 sunt,
1692 3552 1825 3619 iam
1861 3553 2077 3646 magis
2121 3556 2463 3648 composi-

272 3660 400 3722 tum
445 3657 740 3725 animum
797 3656 1129 3748 produnt,
1182 3679 1386 3747 quam
1442 3664 1518 3723 ut
1572 3656 1800 3724 denuo
1857 3655 2110 3746 aliquid
2170 3658 2464 3752 augendi

273 3777 487 3828 caussa
514 3760 743 3830 afferri
773 3760 1144 3829 conveniat.
1249 3760 1591 3845 Quocirca
1619 3781 1758 3827 non
1797 3759 2026 3852 inepte
2063 3762 2209 3851 quis
2253 3763 2464 3830 conii-

273 3859 425 3948 ciat,
474 3887 649 3954 quae
694 3863 783 3932 de
814 3861 1255 3934 Orchomeno
1285 3873 1354 3932 et
1395 3862 1659 3932 Thebis
1694 3861 2005 3932 dicuntur
2022 3911 2044 3949 ‚
2098 3887 2462 3935 ornamen-

271 3968 401 4032 tum
443 3989 587 4037 esse
606 4016 628 4053 ,
696 3968 887 4059 quod
942 3968 1107 4037 alius
1149 3975 1358 4062 poeta
1405 3965 1744 4035 addiderit
1781 3965 2030 4037 omisso
2081 3991 2278 4038 versu
2325 3970 2461 4057 11103

270 4062 331 4132 in
361 4090 492 4157 quo
519 4071 606 4140 de
637 4071 855 4150 arenis
881 4080 951 4140 et
976 4071 1261 4164 pulvere
1295 4078 1413 4139 est.
1466 4071 1647 4139 Nam
1665 4069 1774 4138 vel
1804 4069 1942 4139 hoc
1974 4094 2171 4142 versu
2211 4074 2461 4144 omisso

272 4170 371 4236 vel
398 4172 516 4241 illis
548 4175 771 4244 recisis
795 4183 959 4268 apta
994 4184 1196 4266 atque
1227 4175 1499 4267 elegans
1529 4175 1654 4243 erit
1689 4174 1921 4247 oratio.

458 4275 600 4345 Sed
637 4278 1111 4370 explicandum
1148 4288 1250 4346 est
1278 4278 1364 4346 de
1393 4279 1592 4346 tertio
1621 4301 1876 4371 genere
1918 4276 2181 4346 dicendi
2201 4326 2220 4355 ,
2274 4279 2460 4368 quod

273 4375 382 4442 soli
401 4377 668 4462 inservit
691 4382 891 4450 animi
920 4382 1369 4451 oblectationi.
1424 4380 1504 4448 ld
1531 4391 1892 4472 poetarum
1919 4381 2266 4472 potissime
2290 4403 2457 4473 pro-—

274 4478 479 4566 prium
516 4494 655 4573 est,
707 4508 918 4575 quum
952 4487 1060 4555 vel
1101 4485 1611 4554 admirationem
1654 4506 1877 4552 rerum
1914 4506 2309 4576 magnarum
2342 4508 2463 4554 ex-
