<?xml version="1.0" encoding="UTF-8"?>
<!DOCTYPE html PUBLIC "-//W3C//DTD XHTML 1.0 Transitional//EN"
    "http://www.w3.org/TR/xhtml1/DTD/xhtml1-transitional.dtd">
<html xmlns="http://www.w3.org/1999/xhtml" xml:lang="en" lang="en">
 <head>
  <title>
</title>
<meta http-equiv="Content-Type" content="text/html;charset=utf-8" />
  <meta name='ocr-system' content='tesseract 3.04.00' />
  <meta name='ocr-capabilities' content='ocr_page ocr_carea ocr_par ocr_line ocrx_word'/>
</head>
<body>
  <div class='ocr_page' id='page_1' title='image "./godofrediherman03fritgoog_0238.png"; bbox 0 0 3259 5275; ppageno 0'>
   <div class='ocr_carea' id='block_1_1' title="bbox 808 472 2335 544">
    <p class='ocr_par' dir='ltr' id='par_1_1' title="bbox 808 472 2335 544">
     <span class='ocr_line' id='line_1_1' title="bbox 808 472 2335 544; baseline -0.007 0"><span class='ocrx_word' id='word_1_1' title='bbox 808 479 936 544; x_wconf 75' lang='lat'>222</span> <span class='ocrx_word' id='word_1_2' title='bbox 1598 472 2335 536; x_wconf 78' lang='lat' dir='ltr'><strong>EMENDATIONES</strong></span> 
     </span>
    </p>
   </div>
   <div class='ocr_carea' id='block_1_2' title="bbox 810 665 3008 965">
    <p class='ocr_par' dir='ltr' id='par_1_2' title="bbox 810 665 3008 965">
     <span class='ocr_line' id='line_1_2' title="bbox 812 665 3005 758; baseline 0 -21"><span class='ocrx_word' id='word_1_3' title='bbox 812 670 1025 737; x_wconf 80' lang='lat' dir='ltr'>altera</span> <span class='ocrx_word' id='word_1_4' title='bbox 1080 668 1148 735; x_wconf 88' lang='lat' dir='ltr'>in</span> <span class='ocrx_word' id='word_1_5' title='bbox 1211 665 1640 758; x_wconf 74' lang='lat' dir='ltr'>oppositione</span> <span class='ocrx_word' id='word_1_6' title='bbox 1689 686 1822 756; x_wconf 88' lang='lat' dir='ltr'>per</span> <span class='ocrx_word' id='word_1_7' title='bbox 1864 666 2226 757; x_wconf 83' lang='lat' dir='ltr'>particulas</span> <span class='ocrx_word' id='word_1_8' title='bbox 2262 665 2406 757; x_wconf 79' lang='grc' dir='ltr'>μὲν</span> <span class='ocrx_word' id='word_1_9' title='bbox 2446 674 2517 734; x_wconf 83' lang='lat' dir='ltr'>et</span> <span class='ocrx_word' id='word_1_10' title='bbox 2566 666 2645 739; x_wconf 81' lang='grc' dir='ltr'>δὲ</span> <span class='ocrx_word' id='word_1_11' title='bbox 2702 666 3005 756; x_wconf 80' lang='lat' dir='ltr'>indicata,</span> 
     </span>
     <span class='ocr_line' id='line_1_3' title="bbox 813 768 3008 862; baseline 0.001 -22"><span class='ocrx_word' id='word_1_12' title='bbox 813 796 988 862; x_wconf 90' lang='lat' dir='ltr'>quae</span> <span class='ocrx_word' id='word_1_13' title='bbox 1020 769 1133 838; x_wconf 90' lang='lat' dir='ltr'>hic</span> <span class='ocrx_word' id='word_1_14' title='bbox 1165 770 1313 839; x_wconf 79' lang='lat' dir='ltr'>talis</span> <span class='ocrx_word' id='word_1_15' title='bbox 1350 778 1547 856; x_wconf 83' lang='lat' dir='ltr'>esset,</span> <span class='ocrx_word' id='word_1_16' title='bbox 1601 779 1678 836; x_wconf 84' lang='lat' dir='ltr'>ut</span> <span class='ocrx_word' id='word_1_17' title='bbox 1699 768 1886 836; x_wconf 86' lang='lat' dir='ltr'>idem</span> <span class='ocrx_word' id='word_1_18' title='bbox 1915 769 2042 837; x_wconf 88' lang='lat' dir='ltr'>sibi</span> <span class='ocrx_word' id='word_1_19' title='bbox 2068 770 2293 861; x_wconf 85' lang='lat' dir='ltr'>ipsum</span> <span class='ocrx_word' id='word_1_20' title='bbox 2319 781 2803 861; x_wconf 83' lang='lat' dir='ltr'>opponeretur.</span> <span class='ocrx_word' id='word_1_21' title='bbox 2869 771 3008 842; x_wconf 79' lang='lat' dir='ltr'>Nisi</span> 
     </span>
     <span class='ocr_line' id='line_1_4' title="bbox 810 872 3008 965; baseline 0 -21"><span class='ocrx_word' id='word_1_22' title='bbox 810 876 1044 960; x_wconf 84' lang='lat' dir='ltr'>fallor,</span> <span class='ocrx_word' id='word_1_23' title='bbox 1096 873 1261 941; x_wconf 80' lang='lat' dir='ltr'>nihil</span> <span class='ocrx_word' id='word_1_24' title='bbox 1306 872 1419 940; x_wconf 93' lang='lat' dir='ltr'>hic</span> <span class='ocrx_word' id='word_1_25' title='bbox 1454 872 1680 957; x_wconf 88' lang='lat' dir='ltr'>deest,</span> <span class='ocrx_word' id='word_1_26' title='bbox 1733 872 1858 941; x_wconf 83' lang='lat' dir='ltr'>sed</span> <span class='ocrx_word' id='word_1_27' title='bbox 1892 874 2116 943; x_wconf 83' lang='lat' dir='ltr'>vitiata</span> <span class='ocrx_word' id='word_1_28' title='bbox 2165 883 2269 941; x_wconf 86' lang='lat' dir='ltr'>est</span> <span class='ocrx_word' id='word_1_29' title='bbox 2299 874 2649 965; x_wconf 78' lang='lat' dir='ltr'>scriptura.</span> <span class='ocrx_word' id='word_1_30' title='bbox 2755 875 3008 944; x_wconf 86' lang='lat' dir='ltr'>Remo-</span> 
     </span>
    </p>
   </div>
   <div class='ocr_carea' id='block_1_3' title="bbox 812 976 1770 1084">
    <p class='ocr_par' dir='ltr' id='par_1_3' title="bbox 812 976 1770 1084">
     <span class='ocr_line' id='line_1_5' title="bbox 812 976 1770 1084; baseline -0.004 -37"><span class='ocrx_word' id='word_1_31' title='bbox 812 980 983 1047; x_wconf 80' lang='lat' dir='ltr'>verit</span> <span class='ocrx_word' id='word_1_32' title='bbox 1014 978 1202 1064; x_wconf 81' lang='lat' dir='ltr'>vitia,</span> <span class='ocrx_word' id='word_1_33' title='bbox 1254 978 1370 1067; x_wconf 88' lang='lat' dir='ltr'>qui</span> <span class='ocrx_word' id='word_1_34' title='bbox 1399 976 1770 1084; x_wconf 69' lang='lat' dir='ltr'>scripserit.</span> 
     </span>
    </p>
   </div>
   <div class='ocr_carea' id='block_1_4' title="bbox 913 1122 2680 1535">
    <p class='ocr_par' dir='ltr' id='par_1_4' title="bbox 913 1122 2662 1535">
     <span class='ocr_line' id='line_1_6' title="bbox 914 1122 2602 1256; baseline -0.002 -52"><span class='ocrx_word' id='word_1_35' title='bbox 914 1131 1194 1250; x_wconf 75' lang='grc' dir='ltr'><strong><em>κυανέη</em></strong></span> <span class='ocrx_word' id='word_1_36' title='bbox 1205 1130 1342 1221; x_wconf 82' lang='grc' dir='ltr'>μὲν</span> <span class='ocrx_word' id='word_1_37' title='bbox 1375 1126 1698 1256; x_wconf 79' lang='grc' dir='ltr'><strong><em>ὕπερθεν</em></strong></span> <span class='ocrx_word' id='word_1_38' title='bbox 1728 1122 2303 1223; x_wconf 70' lang='grc' dir='ltr'><strong><em>ἀναθρώσκουσα</em></strong></span> <span class='ocrx_word' id='word_1_39' title='bbox 2332 1122 2602 1202; x_wconf 80' lang='grc' dir='ltr'><strong><em>θύελλα</em></strong></span> 
     </span>
     <span class='ocr_line' id='line_1_7' title="bbox 919 1224 2566 1328; baseline -0.002 -21"><span class='ocrx_word' id='word_1_40' title='bbox 919 1225 1234 1326; x_wconf 77' lang='grc' dir='ltr'><strong><em>οὐρανόν</em></strong></span> <span class='ocrx_word' id='word_1_41' title='bbox 1260 1229 1633 1328; x_wconf 72' lang='grc' dir='ltr'><strong><em>ὀρφναίων</em></strong></span> <span class='ocrx_word' id='word_1_42' title='bbox 1665 1231 1911 1306; x_wconf 77' lang='grc' dir='ltr'><strong><em>ἑλίκων</em></strong></span> <span class='ocrx_word' id='word_1_43' title='bbox 1940 1224 2249 1317; x_wconf 73' lang='grc' dir='ltr'><strong><em>ἐζώσατο</em></strong></span> <span class='ocrx_word' id='word_1_44' title='bbox 2289 1232 2566 1326; x_wconf 76' lang='grc' dir='ltr'><strong><em>δεσμῷ,</em></strong></span> 
     </span>
     <span class='ocr_line' id='line_1_8' title="bbox 914 1327 2596 1461; baseline -0.004 -50"><span class='ocrx_word' id='word_1_45' title='bbox 914 1334 1131 1430; x_wconf 79' lang='grc' dir='ltr'><strong><em>εἶθαρ</em></strong></span> <span class='ocrx_word' id='word_1_46' title='bbox 1167 1330 1639 1458; x_wconf 44' lang='grc' dir='ltr'><strong><em>όμιχλαῆεντος</em></strong></span> <span class='ocrx_word' id='word_1_47' title='bbox 1667 1331 1770 1406; x_wconf 74' lang='grc' dir='ltr'>ἀπ</span> <span class='ocrx_word' id='word_1_48' title='bbox 1779 1327 2036 1461; x_wconf 79' lang='grc' dir='ltr'><strong><em>ἠ’έρος</em></strong></span> <span class='ocrx_word' id='word_1_49' title='bbox 2072 1333 2359 1429; x_wconf 81' lang='grc' dir='ltr'><strong><em>ὄμβρον</em></strong></span> <span class='ocrx_word' id='word_1_50' title='bbox 2389 1340 2596 1407; x_wconf 83' lang='grc' dir='ltr'><strong><em>ἱεῖσα.</em></strong></span> 
     </span>
     <span class='ocr_line' id='line_1_9' title="bbox 913 1432 2680 1535; baseline -0.002 -22"><span class='ocrx_word' id='word_1_51' title='bbox 913 1433 1221 1534; x_wconf 75' lang='grc' dir='ltr'><strong><em>ἐκλύσθη</em></strong></span> <span class='ocrx_word' id='word_1_52' title='bbox 1254 1435 1323 1511; x_wconf 81' lang='grc' dir='ltr'>δ’</span> <span class='ocrx_word' id='word_1_53' title='bbox 1353 1436 1496 1511; x_wconf 82' lang='grc' dir='ltr'>ὕπο</span> <span class='ocrx_word' id='word_1_54' title='bbox 1531 1432 1797 1519; x_wconf 80' lang='grc' dir='ltr'><strong><em>πόντος</em></strong></span> <span class='ocrx_word' id='word_1_55' title='bbox 1825 1440 2315 1535; x_wconf 74' lang='grc' dir='ltr'><strong><em>ἐρεσσομένων</em></strong></span> <span class='ocrx_word' id='word_1_56' title='bbox 2346 1433 2680 1533; x_wconf 76' lang='grc' dir='ltr'><strong><em>ἑρεταων</em></strong></span> 
     </span>
    </p>
   </div>
   <div class='ocr_carea' id='block_1_5' title="bbox 799 1586 3010 2513">
    <p class='ocr_par' dir='ltr' id='par_1_5' title="bbox 799 1586 3010 2513">
     <span class='ocr_line' id='line_1_10' title="bbox 812 1586 3008 1667; baseline -0.004 0"><span class='ocrx_word' id='word_1_57' title='bbox 812 1586 1092 1667; x_wconf 80' lang='grc' dir='ltr'><strong><em>Θύελλα</em></strong></span> <span class='ocrx_word' id='word_1_58' title='bbox 1128 1590 1329 1659; x_wconf 84' lang='lat' dir='ltr'>etiam</span> <span class='ocrx_word' id='word_1_59' title='bbox 1357 1590 1638 1660; x_wconf 86' lang='lat' dir='ltr'>Graefio</span> <span class='ocrx_word' id='word_1_60' title='bbox 1667 1591 1735 1658; x_wconf 88' lang='lat' dir='ltr'>in</span> <span class='ocrx_word' id='word_1_61' title='bbox 1768 1600 2060 1659; x_wconf 81' lang='lat' dir='ltr'><strong>mentem</strong></span> <span class='ocrx_word' id='word_1_62' title='bbox 2091 1590 2288 1659; x_wconf 84' lang='lat' dir='ltr'>venit.</span> <span class='ocrx_word' id='word_1_63' title='bbox 2391 1589 2712 1657; x_wconf 89' lang='lat' dir='ltr'>Vltimum</span> <span class='ocrx_word' id='word_1_64' title='bbox 2743 1613 3008 1659; x_wconf 84' lang='lat' dir='ltr'>versum</span> 
     </span>
     <span class='ocr_line' id='line_1_11' title="bbox 805 1693 3010 1787; baseline -0.001 -22"><span class='ocrx_word' id='word_1_65' title='bbox 805 1707 884 1766; x_wconf 85' lang='lat' dir='ltr'>ut</span> <span class='ocrx_word' id='word_1_66' title='bbox 928 1698 1021 1764; x_wconf 83' lang='lat' dir='ltr'>sic</span> <span class='ocrx_word' id='word_1_67' title='bbox 1081 1695 1510 1763; x_wconf 89' lang='lat' dir='ltr'>scribendum</span> <span class='ocrx_word' id='word_1_68' title='bbox 1553 1702 1826 1787; x_wconf 88' lang='lat' dir='ltr'>putem,</span> <span class='ocrx_word' id='word_1_69' title='bbox 1895 1693 2076 1762; x_wconf 84' lang='lat' dir='ltr'>hanc</span> <span class='ocrx_word' id='word_1_70' title='bbox 2127 1694 2456 1761; x_wconf 84' lang='lat' dir='ltr'>rationem</span> <span class='ocrx_word' id='word_1_71' title='bbox 2497 1693 2762 1783; x_wconf 84' lang='lat' dir='ltr'>habeo,</span> <span class='ocrx_word' id='word_1_72' title='bbox 2827 1695 3010 1783; x_wconf 86' lang='lat' dir='ltr'>quod</span> 
     </span>
     <span class='ocr_line' id='line_1_12' title="bbox 806 1796 3009 1890; baseline -0.003 -20"><span class='ocrx_word' id='word_1_73' title='bbox 806 1798 1169 1887; x_wconf 87' lang='lat' dir='ltr'>Coluthus,</span> <span class='ocrx_word' id='word_1_74' title='bbox 1222 1800 1277 1867; x_wconf 82' lang='lat' dir='ltr'>si</span> <span class='ocrx_word' id='word_1_75' title='bbox 1320 1799 1508 1866; x_wconf 83' lang='lat' dir='ltr'>scivit</span> <span class='ocrx_word' id='word_1_76' title='bbox 1538 1796 1708 1888; x_wconf 89' lang='lat' dir='ltr'>quid</span> <span class='ocrx_word' id='word_1_77' title='bbox 1749 1799 2159 1890; x_wconf 78' lang='lat' dir='ltr'>significaret</span> <span class='ocrx_word' id='word_1_78' title='bbox 2200 1798 2284 1870; x_wconf 79' lang='grc' dir='ltr'>δέ</span> <span class='ocrx_word' id='word_1_79' title='bbox 2308 1823 2428 1885; x_wconf 77' lang='grc' dir='ltr'>τε,</span> <span class='ocrx_word' id='word_1_80' title='bbox 2482 1820 2620 1865; x_wconf 89' lang='lat' dir='ltr'>non</span> <span class='ocrx_word' id='word_1_81' title='bbox 2666 1798 2891 1890; x_wconf 83' lang='lat' dir='ltr'>potuit</span> <span class='ocrx_word' id='word_1_82' title='bbox 2940 1798 3009 1865; x_wconf 86' lang='lat' dir='ltr'>id</span> 
     </span>
     <span class='ocr_line' id='line_1_13' title="bbox 804 1896 3007 1994; baseline -0.001 -23"><span class='ocrx_word' id='word_1_83' title='bbox 804 1903 1115 1972; x_wconf 87' lang='lat' dir='ltr'>scribere.</span> <span class='ocrx_word' id='word_1_84' title='bbox 1224 1896 1662 1991; x_wconf 84' lang='lat' dir='ltr'><strong>Omninoque</strong></span> <span class='ocrx_word' id='word_1_85' title='bbox 1707 1901 1894 1994; x_wconf 85' lang='lat' dir='ltr'>apud</span> <span class='ocrx_word' id='word_1_86' title='bbox 1935 1900 2130 1969; x_wconf 90' lang='lat' dir='ltr'>huius</span> <span class='ocrx_word' id='word_1_87' title='bbox 2167 1908 2390 1968; x_wconf 84' lang='lat' dir='ltr'>sectae</span> <span class='ocrx_word' id='word_1_88' title='bbox 2426 1910 2664 1992; x_wconf 89' lang='lat' dir='ltr'>poetas</span> <span class='ocrx_word' id='word_1_89' title='bbox 2702 1924 3007 1993; x_wconf 85' lang='lat' dir='ltr'>perraro,</span> 
     </span>
     <span class='ocr_line' id='line_1_14' title="bbox 802 2002 3008 2099; baseline -0.001 -23"><span class='ocrx_word' id='word_1_90' title='bbox 802 2009 859 2076; x_wconf 88' lang='lat' dir='ltr'>si</span> <span class='ocrx_word' id='word_1_91' title='bbox 892 2027 1212 2095; x_wconf 87' lang='lat' dir='ltr'>usquam,</span> <span class='ocrx_word' id='word_1_92' title='bbox 1262 2006 1385 2074; x_wconf 84' lang='lat' dir='ltr'>has</span> <span class='ocrx_word' id='word_1_93' title='bbox 1427 2006 1789 2099; x_wconf 85' lang='lat' dir='ltr'>particulas</span> <span class='ocrx_word' id='word_1_94' title='bbox 1829 2005 2018 2097; x_wconf 83' lang='lat' dir='ltr'>iun&#39;gi</span> <span class='ocrx_word' id='word_1_95' title='bbox 2060 2002 2325 2072; x_wconf 82' lang='lat' dir='ltr'>videas:</span> <span class='ocrx_word' id='word_1_96' title='bbox 2376 2027 2598 2094; x_wconf 86' lang='lat' dir='ltr'>neque</span> <span class='ocrx_word' id='word_1_97' title='bbox 2648 2004 2718 2072; x_wconf 88' lang='lat' dir='ltr'>id</span> <span class='ocrx_word' id='word_1_98' title='bbox 2763 2004 3008 2073; x_wconf 83' lang='lat' dir='ltr'>mirum</span> 
     </span>
     <span class='ocr_line' id='line_1_15' title="bbox 799 2107 3004 2201; baseline -0.002 -21"><span class='ocrx_word' id='word_1_99' title='bbox 799 2112 868 2180; x_wconf 86' lang='lat' dir='ltr'>in</span> <span class='ocrx_word' id='word_1_100' title='bbox 912 2111 1049 2178; x_wconf 90' lang='lat' dir='ltr'>hoc</span> <span class='ocrx_word' id='word_1_101' title='bbox 1090 2109 1218 2178; x_wconf 89' lang='lat' dir='ltr'>stili</span> <span class='ocrx_word' id='word_1_102' title='bbox 1248 2132 1522 2201; x_wconf 80' lang='lat' dir='ltr'><strong>genere.</strong></span> <span class='ocrx_word' id='word_1_103' title='bbox 1631 2109 1865 2194; x_wconf 77' lang='lat' dir='ltr'>Quare</span> <span class='ocrx_word' id='word_1_104' title='bbox 1899 2108 2217 2197; x_wconf 81' lang='lat' dir='ltr'>viderint,</span> <span class='ocrx_word' id='word_1_105' title='bbox 2273 2108 2388 2197; x_wconf 85' lang='lat' dir='ltr'>qui</span> <span class='ocrx_word' id='word_1_106' title='bbox 2428 2107 2615 2200; x_wconf 87' lang='lat' dir='ltr'>apud</span> <span class='ocrx_word' id='word_1_107' title='bbox 2650 2108 3004 2199; x_wconf 75' lang='lat' dir='ltr'>Tryphio-</span> 
     </span>
     <span class='ocr_line' id='line_1_16' title="bbox 803 2208 3003 2306; baseline -0.002 -23"><span class='ocrx_word' id='word_1_108' title='bbox 803 2216 1047 2283; x_wconf 85' lang='lat' dir='ltr'>dorum</span> <span class='ocrx_word' id='word_1_109' title='bbox 1077 2235 1138 2283; x_wconf 69' lang='lat' dir='ltr'>V.</span> <span class='ocrx_word' id='word_1_110' title='bbox 1169 2208 1342 2281; x_wconf 81' lang='grc'>530.</span> <span class='ocrx_word' id='word_1_111' title='bbox 1396 2219 1477 2284; x_wconf 80' lang='grc' dir='ltr'>οἲ</span> <span class='ocrx_word' id='word_1_112' title='bbox 1504 2214 1589 2285; x_wconf 76' lang='grc' dir='ltr'>δέ</span> <span class='ocrx_word' id='word_1_113' title='bbox 1624 2214 1704 2284; x_wconf 87' lang='grc' dir='ltr'>τ’</span> <span class='ocrx_word' id='word_1_114' title='bbox 1736 2214 2074 2306; x_wconf 78' lang='grc' dir='ltr'><strong><em>ἔλειφθεν</em></strong></span> <span class='ocrx_word' id='word_1_115' title='bbox 2115 2211 2313 2279; x_wconf 83' lang='lat' dir='ltr'>scribi</span> <span class='ocrx_word' id='word_1_116' title='bbox 2353 2213 2743 2297; x_wconf 75' lang='lat' dir='ltr'>voluerunt,</span> <span class='ocrx_word' id='word_1_117' title='bbox 2787 2234 3003 2303; x_wconf 80' lang='lat' dir='ltr'>expu-</span> 
     </span>
     <span class='ocr_line' id='line_1_17' title="bbox 800 2314 3004 2410; baseline -0.002 -23"><span class='ocrx_word' id='word_1_118' title='bbox 800 2319 1081 2387; x_wconf 86' lang='lat' dir='ltr'>lerintne</span> <span class='ocrx_word' id='word_1_119' title='bbox 1121 2315 1354 2383; x_wconf 78' lang='lat' dir='ltr'>vitium</span> <span class='ocrx_word' id='word_1_120' title='bbox 1390 2338 1479 2382; x_wconf 86' lang='lat' dir='ltr'>an</span> <span class='ocrx_word' id='word_1_121' title='bbox 1519 2317 1876 2388; x_wconf 69' lang='lat' dir='ltr'>intulerint.</span> <span class='ocrx_word' id='word_1_122' title='bbox 1987 2314 2226 2401; x_wconf 81' lang='lat' dir='ltr'><strong>Certe,</strong></span> <span class='ocrx_word' id='word_1_123' title='bbox 2279 2314 2332 2382; x_wconf 89' lang='lat' dir='ltr'>si</span> <span class='ocrx_word' id='word_1_124' title='bbox 2369 2317 2790 2410; x_wconf 76' lang='grc' dir='ltr'><strong><em>ἕλε’λειφθεν</em></strong></span> <span class='ocrx_word' id='word_1_125' title='bbox 2828 2315 3004 2384; x_wconf 84' lang='lat' dir='ltr'>ferre</span> 
     </span>
     <span class='ocr_line' id='line_1_18' title="bbox 799 2416 2332 2513; baseline -0.003 -25"><span class='ocrx_word' id='word_1_126' title='bbox 799 2423 1090 2507; x_wconf 84' lang='lat' dir='ltr'>nollent,</span> <span class='ocrx_word' id='word_1_127' title='bbox 1142 2418 1342 2487; x_wconf 85' lang='lat' dir='ltr'>satius</span> <span class='ocrx_word' id='word_1_128' title='bbox 1377 2427 1524 2486; x_wconf 86' lang='lat' dir='ltr'>erat</span> <span class='ocrx_word' id='word_1_129' title='bbox 1545 2416 1989 2513; x_wconf 76' lang='grc' dir='ltr'><strong><em>ὑπέλειφθεν</em></strong></span> <span class='ocrx_word' id='word_1_130' title='bbox 2019 2419 2332 2487; x_wconf 83' lang='lat' dir='ltr'>scribere.</span> 
     </span>
    </p>
   </div>
   <div class='ocr_carea' id='block_1_6' title="bbox 796 2569 3004 2873">
    <p class='ocr_par' dir='ltr' id='par_1_6' title="bbox 796 2569 3004 2873">
     <span class='ocr_line' id='line_1_19' title="bbox 1004 2569 3000 2669; baseline 0.001 -29"><span class='ocrx_word' id='word_1_131' title='bbox 1004 2571 1087 2641; x_wconf 91' lang='lat' dir='ltr'>V.</span> <span class='ocrx_word' id='word_1_132' title='bbox 1120 2569 1290 2640; x_wconf 89' lang='grc'>233.</span> <span class='ocrx_word' id='word_1_133' title='bbox 1320 2570 1677 2643; x_wconf 82' lang='lat' dir='ltr'>Bekkerus</span> <span class='ocrx_word' id='word_1_134' title='bbox 1709 2595 1748 2641; x_wconf 91' lang='lat' dir='ltr'>e</span> <span class='ocrx_word' id='word_1_135' title='bbox 1778 2571 1926 2643; x_wconf 89' lang='lat' dir='ltr'>cod.</span> <span class='ocrx_word' id='word_1_136' title='bbox 1959 2569 2133 2640; x_wconf 83' lang='lat' dir='ltr'>Mut.</span> <span class='ocrx_word' id='word_1_137' title='bbox 2167 2571 2418 2665; x_wconf 82' lang='lat' dir='ltr'>opinor</span> <span class='ocrx_word' id='word_1_138' title='bbox 2434 2570 2624 2640; x_wconf 81' lang='lat' dir='ltr'><strong>dedit</strong></span> <span class='ocrx_word' id='word_1_139' title='bbox 2650 2569 3000 2669; x_wconf 71' lang='grc' dir='ltr'><strong><em>κυνέῃσιν.</em></strong></span> 
     </span>
     <span class='ocr_line' id='line_1_20' title="bbox 796 2676 3004 2775; baseline 0.002 -30"><span class='ocrx_word' id='word_1_140' title='bbox 796 2677 1083 2745; x_wconf 82' lang='lat' dir='ltr'>Iulianus</span> <span class='ocrx_word' id='word_1_141' title='bbox 1113 2698 1198 2744; x_wconf 85' lang='lat' dir='ltr'>ex</span> <span class='ocrx_word' id='word_1_142' title='bbox 1227 2677 1610 2755; x_wconf 81' lang='lat' dir='ltr'>coniectura</span> <span class='ocrx_word' id='word_1_143' title='bbox 1636 2700 1771 2745; x_wconf 90' lang='lat' dir='ltr'>non</span> <span class='ocrx_word' id='word_1_144' title='bbox 1801 2678 1978 2745; x_wconf 83' lang='lat' dir='ltr'>male</span> <span class='ocrx_word' id='word_1_145' title='bbox 2001 2677 2362 2773; x_wconf 79' lang='grc' dir='ltr'><strong><em>κυνέῃφιν.</em></strong></span> <span class='ocrx_word' id='word_1_146' title='bbox 2429 2677 2724 2769; x_wconf 81' lang='lat' dir='ltr'>Vulgata</span> <span class='ocrx_word' id='word_1_147' title='bbox 2751 2676 3004 2775; x_wconf 74' lang='grc' dir='ltr'><strong><em>κυνέη-</em></strong></span> 
     </span>
     <span class='ocr_line' id='line_1_21' title="bbox 800 2776 2782 2873; baseline -0.001 -25"><span class='ocrx_word' id='word_1_148' title='bbox 800 2789 937 2855; x_wconf 76' lang='grc' dir='ltr'><strong><em>θεν</em></strong></span> <span class='ocrx_word' id='word_1_149' title='bbox 966 2781 1018 2848; x_wconf 86' lang='lat' dir='ltr'>si</span> <span class='ocrx_word' id='word_1_150' title='bbox 1048 2803 1207 2848; x_wconf 83' lang='lat' dir='ltr'>vera</span> <span class='ocrx_word' id='word_1_151' title='bbox 1233 2790 1370 2864; x_wconf 84' lang='lat' dir='ltr'>est,</span> <span class='ocrx_word' id='word_1_152' title='bbox 1426 2780 1899 2873; x_wconf 84' lang='lat' dir='ltr'>coniungenda</span> <span class='ocrx_word' id='word_1_153' title='bbox 1939 2791 2041 2849; x_wconf 86' lang='lat' dir='ltr'>est</span> <span class='ocrx_word' id='word_1_154' title='bbox 2070 2803 2223 2848; x_wconf 90' lang='lat' dir='ltr'>cum</span> <span class='ocrx_word' id='word_1_155' title='bbox 2253 2776 2782 2854; x_wconf 75' lang='grc' dir='ltr'><strong><em>ἀναστέλλοιεν.</em></strong></span> 
     </span>
    </p>
   </div>
   <div class='ocr_carea' id='block_1_7' title="bbox 732 2930 3005 3546">
    <p class='ocr_par' dir='ltr' id='par_1_7' title="bbox 732 2930 3005 3546">
     <span class='ocr_line' id='line_1_22' title="bbox 732 2930 3004 3026; baseline 0.001 -25"><span class='ocrx_word' id='word_1_156' title='bbox 732 2982 733 2985; x_wconf 63' lang='lat'>,</span> <span class='ocrx_word' id='word_1_157' title='bbox 999 2933 1082 3001; x_wconf 88' lang='lat' dir='ltr'>V.</span> <span class='ocrx_word' id='word_1_158' title='bbox 1112 2930 1285 3000; x_wconf 79' lang='lat'><strong>235.</strong></span> <span class='ocrx_word' id='word_1_159' title='bbox 1337 2930 1631 3002; x_wconf 83' lang='lat' dir='ltr'>Mirifice</span> <span class='ocrx_word' id='word_1_160' title='bbox 1671 2934 1841 3026; x_wconf 78' lang='lat' dir='ltr'>lapsi</span> <span class='ocrx_word' id='word_1_161' title='bbox 1872 2942 2026 3002; x_wconf 87' lang='lat' dir='ltr'>sunt</span> <span class='ocrx_word' id='word_1_162' title='bbox 2050 2943 2119 3002; x_wconf 84' lang='lat' dir='ltr'>et</span> <span class='ocrx_word' id='word_1_163' title='bbox 2159 2932 2449 3002; x_wconf 85' lang='lat' dir='ltr'>Iulianus</span> <span class='ocrx_word' id='word_1_164' title='bbox 2482 2943 2549 3002; x_wconf 88' lang='lat' dir='ltr'>et</span> <span class='ocrx_word' id='word_1_165' title='bbox 2585 2957 2832 3002; x_wconf 85' lang='lat' dir='ltr'>censor</span> <span class='ocrx_word' id='word_1_166' title='bbox 2863 2936 3004 3005; x_wconf 86' lang='lat' dir='ltr'>eius</span> 
     </span>
     <span class='ocr_line' id='line_1_23' title="bbox 794 3036 3005 3130; baseline 0.001 -25"><span class='ocrx_word' id='word_1_167' title='bbox 794 3036 1390 3129; x_wconf 82' lang='lat' dir='ltr'>Heidelbergensis</span> <span class='ocrx_word' id='word_1_168' title='bbox 1406 3088 1427 3124; x_wconf 90' lang='lat'>,</span> <span class='ocrx_word' id='word_1_169' title='bbox 1480 3037 1592 3126; x_wconf 83' lang='lat' dir='ltr'>qui</span> <span class='ocrx_word' id='word_1_170' title='bbox 1622 3036 1809 3126; x_wconf 89' lang='lat' dir='ltr'>quod</span> <span class='ocrx_word' id='word_1_171' title='bbox 1836 3038 1905 3105; x_wconf 89' lang='lat' dir='ltr'>in</span> <span class='ocrx_word' id='word_1_172' title='bbox 1936 3038 2150 3105; x_wconf 86' lang='lat' dir='ltr'>altero</span> <span class='ocrx_word' id='word_1_173' title='bbox 2177 3037 2646 3106; x_wconf 87' lang='lat' dir='ltr'>Parisiensium</span> <span class='ocrx_word' id='word_1_174' title='bbox 2674 3039 3005 3130; x_wconf 81' lang='lat' dir='ltr'>scriptum</span> 
     </span>
     <span class='ocr_line' id='line_1_24' title="bbox 796 3134 3003 3236; baseline 0.002 -27"><span class='ocrx_word' id='word_1_175' title='bbox 796 3151 897 3209; x_wconf 85' lang='lat' dir='ltr'>est</span> <span class='ocrx_word' id='word_1_176' title='bbox 939 3134 1360 3236; x_wconf 79' lang='grc' dir='ltr'><strong><em>ᾰναετήρων</em></strong></span> <span class='ocrx_word' id='word_1_177' title='bbox 1390 3151 1459 3208; x_wconf 90' lang='lat' dir='ltr'>et</span> <span class='ocrx_word' id='word_1_178' title='bbox 1486 3162 1692 3232; x_wconf 83' lang='lat' dir='ltr'>supra</span> <span class='ocrx_word' id='word_1_179' title='bbox 1720 3134 1889 3224; x_wconf 82' lang='grc' dir='ltr'><strong><em>κτό,</em></strong></span> <span class='ocrx_word' id='word_1_180' title='bbox 1940 3140 2406 3233; x_wconf 86' lang='lat' dir='ltr'>reponendum</span> <span class='ocrx_word' id='word_1_181' title='bbox 2445 3141 2824 3208; x_wconf 83' lang='lat' dir='ltr'>iudicarunt</span> <span class='ocrx_word' id='word_1_182' title='bbox 2865 3170 3003 3235; x_wconf 83' lang='grc' dir='ltr'>φι-</span> 
     </span>
     <span class='ocr_line' id='line_1_25' title="bbox 793 3241 3003 3331; baseline -0.003 -13"><span class='ocrx_word' id='word_1_183' title='bbox 793 3242 1142 3327; x_wconf 74' lang='grc' dir='ltr'><strong><em>λοξείνοιο</em></strong></span> <span class='ocrx_word' id='word_1_184' title='bbox 1175 3241 1502 3323; x_wconf 76' lang='grc' dir='ltr'><strong><em>ἄνακτος.</em></strong></span> <span class='ocrx_word' id='word_1_185' title='bbox 1585 3245 1763 3312; x_wconf 91' lang='lat' dir='ltr'>Nam</span> <span class='ocrx_word' id='word_1_186' title='bbox 1789 3245 1899 3312; x_wconf 83' lang='lat' dir='ltr'>vel</span> <span class='ocrx_word' id='word_1_187' title='bbox 1932 3255 2247 3312; x_wconf 87' lang='lat' dir='ltr'>accentus</span> <span class='ocrx_word' id='word_1_188' title='bbox 2277 3254 2647 3312; x_wconf 87' lang='lat' dir='ltr'>monstrare</span> <span class='ocrx_word' id='word_1_189' title='bbox 2678 3243 3003 3331; x_wconf 79' lang='lat' dir='ltr'>debebat,</span> 
     </span>
     <span class='ocr_line' id='line_1_26' title="bbox 794 3347 3000 3440; baseline 0 -25"><span class='ocrx_word' id='word_1_190' title='bbox 794 3348 1193 3440; x_wconf 81' lang='lat' dir='ltr'>scripturam</span> <span class='ocrx_word' id='word_1_191' title='bbox 1233 3369 1438 3437; x_wconf 91' lang='lat' dir='ltr'>quam</span> <span class='ocrx_word' id='word_1_192' title='bbox 1493 3368 1698 3440; x_wconf 87' lang='lat' dir='ltr'>supra</span> <span class='ocrx_word' id='word_1_193' title='bbox 1741 3347 2074 3440; x_wconf 85' lang='lat' dir='ltr'>posuisset</span> <span class='ocrx_word' id='word_1_194' title='bbox 2112 3347 2184 3414; x_wconf 91' lang='lat' dir='ltr'>in</span> <span class='ocrx_word' id='word_1_195' title='bbox 2225 3348 2463 3416; x_wconf 88' lang='lat' dir='ltr'>codice</span> <span class='ocrx_word' id='word_1_196' title='bbox 2500 3348 2616 3416; x_wconf 93' lang='lat' dir='ltr'>illo</span> <span class='ocrx_word' id='word_1_197' title='bbox 2663 3348 3000 3437; x_wconf 87' lang='lat' dir='ltr'>librarius,</span> 
     </span>
     <span class='ocr_line' id='line_1_27' title="bbox 788 3443 2189 3546; baseline -0.001 -27"><span class='ocrx_word' id='word_1_198' title='bbox 788 3473 925 3519; x_wconf 86' lang='lat' dir='ltr'>non</span> <span class='ocrx_word' id='word_1_199' title='bbox 957 3449 1265 3530; x_wconf 77' lang='grc' dir='ltr'><strong><em>ἄνακτος</em></strong></span> <span class='ocrx_word' id='word_1_200' title='bbox 1291 3450 1493 3518; x_wconf 84' lang='lat' dir='ltr'>fuisse</span> <span class='ocrx_word' id='word_1_201' title='bbox 1512 3499 1533 3535; x_wconf 90' lang='lat'>,</span> <span class='ocrx_word' id='word_1_202' title='bbox 1593 3450 1718 3518; x_wconf 88' lang='lat' dir='ltr'>sed</span> <span class='ocrx_word' id='word_1_203' title='bbox 1748 3443 2189 3546; x_wconf 73' lang='grc' dir='ltr'><strong><em>ἀνακτόρων.</em></strong></span> 
     </span>
    </p>
   </div>
   <div class='ocr_carea' id='block_1_8' title="bbox 666 3601 2997 4220">
    <p class='ocr_par' dir='ltr' id='par_1_8' title="bbox 787 3601 2997 4116">
     <span class='ocr_line' id='line_1_28' title="bbox 993 3601 2997 3698; baseline 0 -26"><span class='ocrx_word' id='word_1_204' title='bbox 993 3604 1077 3672; x_wconf 90' lang='lat' dir='ltr'>V.</span> <span class='ocrx_word' id='word_1_205' title='bbox 1125 3601 1295 3671; x_wconf 74' lang='lat'>242.</span> <span class='ocrx_word' id='word_1_206' title='bbox 1346 3603 1849 3687; x_wconf 87' lang='lat' dir='ltr'>Dubitationes‚</span> <span class='ocrx_word' id='word_1_207' title='bbox 1903 3627 2079 3694; x_wconf 89' lang='lat' dir='ltr'>quae</span> <span class='ocrx_word' id='word_1_208' title='bbox 2128 3604 2378 3672; x_wconf 87' lang='lat' dir='ltr'>multae</span> <span class='ocrx_word' id='word_1_209' title='bbox 2432 3626 2862 3698; x_wconf 80' lang='lat' dir='ltr'>magnaeque</span> <span class='ocrx_word' id='word_1_210' title='bbox 2910 3605 2997 3673; x_wconf 89' lang='lat' dir='ltr'>de</span> 
     </span>
     <span class='ocr_line' id='line_1_29' title="bbox 787 3703 2996 3800; baseline 0.004 -28"><span class='ocrx_word' id='word_1_211' title='bbox 787 3703 1115 3774; x_wconf 86' lang='lat' dir='ltr'>hocloco</span> <span class='ocrx_word' id='word_1_212' title='bbox 1150 3715 1374 3774; x_wconf 89' lang='lat' dir='ltr'>motae</span> <span class='ocrx_word' id='word_1_213' title='bbox 1405 3715 1588 3797; x_wconf 84' lang='lat' dir='ltr'>sunt,</span> <span class='ocrx_word' id='word_1_214' title='bbox 1640 3709 1990 3800; x_wconf 87' lang='lat' dir='ltr'>praeclare</span> <span class='ocrx_word' id='word_1_215' title='bbox 2036 3708 2412 3800; x_wconf 79' lang='lat' dir='ltr'>composuit</span> <span class='ocrx_word' id='word_1_216' title='bbox 2454 3707 2804 3794; x_wconf 72' lang='lat' dir='ltr'>(ir-aetius,</span> <span class='ocrx_word' id='word_1_217' title='bbox 2859 3736 2996 3781; x_wconf 80' lang='grc' dir='ltr'>κυ-</span> 
     </span>
     <span class='ocr_line' id='line_1_30' title="bbox 788 3810 2995 3907; baseline 0 -28"><span class='ocrx_word' id='word_1_218' title='bbox 788 3811 1059 3907; x_wconf 82' lang='grc' dir='ltr'><strong><em>σαμένη</em></strong></span> <span class='ocrx_word' id='word_1_219' title='bbox 1085 3810 1551 3902; x_wconf 88' lang='lat' dir='ltr'>reponendum</span> <span class='ocrx_word' id='word_1_220' title='bbox 1579 3834 1897 3897; x_wconf 73' lang='lat' dir='ltr'><strong>monem,</strong></span> <span class='ocrx_word' id='word_1_221' title='bbox 1948 3810 2155 3879; x_wconf 82' lang='lat' dir='ltr'>modo</span> <span class='ocrx_word' id='word_1_222' title='bbox 2194 3834 2282 3879; x_wconf 88' lang='lat' dir='ltr'>ne</span> <span class='ocrx_word' id='word_1_223' title='bbox 2322 3820 2739 3881; x_wconf 82' lang='lat' dir='ltr'>attrectasset</span> <span class='ocrx_word' id='word_1_224' title='bbox 2781 3835 2995 3904; x_wconf 84' lang='lat' dir='ltr'>prae-</span> 
     </span>
     <span class='ocr_line' id='line_1_31' title="bbox 788 3908 2995 4009; baseline 0.004 -31"><span class='ocrx_word' id='word_1_225' title='bbox 788 3911 1095 3980; x_wconf 84' lang='lat' dir='ltr'>cedentia</span> <span class='ocrx_word' id='word_1_226' title='bbox 1137 3935 1198 3980; x_wconf 83' lang='lat' dir='ltr'>v.</span> <span class='ocrx_word' id='word_1_227' title='bbox 1252 3911 1423 3983; x_wconf 85' lang='grc'>239.</span> <span class='ocrx_word' id='word_1_228' title='bbox 1526 3916 1714 3983; x_wconf 82' lang='lat' dir='ltr'>Nihil</span> <span class='ocrx_word' id='word_1_229' title='bbox 1757 3915 1935 3983; x_wconf 89' lang='lat' dir='ltr'>enim</span> <span class='ocrx_word' id='word_1_230' title='bbox 1979 3915 2219 3983; x_wconf 86' lang='lat' dir='ltr'>certius</span> <span class='ocrx_word' id='word_1_231' title='bbox 2262 3937 2466 4004; x_wconf 87' lang='lat' dir='ltr'>quam</span> <span class='ocrx_word' id='word_1_232' title='bbox 2503 3908 2995 4009; x_wconf 78' lang='grc' dir='ltr'><strong><em>παραγνοίψας</em></strong></span> 
     </span>
     <span class='ocr_line' id='line_1_32' title="bbox 787 4014 2990 4116; baseline 0.005 -35"><span class='ocrx_word' id='word_1_233' title='bbox 787 4014 856 4081; x_wconf 86' lang='grc' dir='ltr'>ἰιι</span> <span class='ocrx_word' id='word_1_234' title='bbox 902 4014 1128 4084; x_wconf 86' lang='lat' dir='ltr'>medio</span> <span class='ocrx_word' id='word_1_235' title='bbox 1166 4017 1463 4107; x_wconf 86' lang='lat' dir='ltr'>positum</span> <span class='ocrx_word' id='word_1_236' title='bbox 1492 4040 1675 4103; x_wconf 83' lang='lat' dir='ltr'>esse,</span> <span class='ocrx_word' id='word_1_237' title='bbox 1727 4027 1802 4086; x_wconf 89' lang='lat' dir='ltr'>ut</span> <span class='ocrx_word' id='word_1_238' title='bbox 1827 4019 1912 4085; x_wconf 80' lang='lat' dir='ltr'>sit</span> <span class='ocrx_word' id='word_1_239' title='bbox 1951 4014 2403 4113; x_wconf 63' lang='lat' dir='ltr'>deflectens⁹</span> <span class='ocrx_word' id='word_1_240' title='bbox 2452 4018 2542 4085; x_wconf 85' lang='lat' dir='ltr'>ad</span> <span class='ocrx_word' id='word_1_241' title='bbox 2580 4017 2990 4116; x_wconf 78' lang='grc' dir='ltr'><strong><em>Καρνείοιο</em></strong></span> 
     </span>
    </p>

    <p class='ocr_par' dir='ltr' id='par_1_9' title="bbox 666 4112 2640 4220">
     <span class='ocr_line' id='line_1_33' title="bbox 666 4112 2640 4220; baseline 0.002 -30"><span class='ocrx_word' id='word_1_242' title='bbox 666 4122 673 4131; x_wconf 61' lang='lat'>²</span> <span class='ocrx_word' id='word_1_243' title='bbox 783 4112 1177 4192; x_wconf 81' lang='grc' dir='ltr'><strong><em>Υακίνθου</em></strong></span> <span class='ocrx_word' id='word_1_244' title='bbox 1214 4128 1439 4187; x_wconf 86' lang='lat' dir='ltr'>autem</span> <span class='ocrx_word' id='word_1_245' title='bbox 1464 4122 1684 4213; x_wconf 80' lang='lat' dir='ltr'>repeti</span> <span class='ocrx_word' id='word_1_246' title='bbox 1716 4121 1969 4191; x_wconf 86' lang='lat' dir='ltr'>debere</span> <span class='ocrx_word' id='word_1_247' title='bbox 2005 4116 2406 4220; x_wconf 78' lang='grc' dir='ltr'><strong><em>θηεύμενος</em></strong></span> <span class='ocrx_word' id='word_1_248' title='bbox 2435 4117 2640 4203; x_wconf 78' lang='grc' dir='ltr'><strong><em>εἶδος.</em></strong></span> 
     </span>
    </p>
   </div>
   <div class='ocr_carea' id='block_1_9' title="bbox 684 4270 2989 4475">
    <p class='ocr_par' dir='ltr' id='par_1_10' title="bbox 684 4270 2989 4475">
     <span class='ocr_line' id='line_1_34' title="bbox 987 4270 2989 4365; baseline 0.002 -27"><span class='ocrx_word' id='word_1_249' title='bbox 987 4270 1068 4338; x_wconf 91' lang='lat' dir='ltr'>V.</span> <span class='ocrx_word' id='word_1_250' title='bbox 1114 4271 1287 4342; x_wconf 74' lang='lat'>247.</span> <span class='ocrx_word' id='word_1_251' title='bbox 1340 4275 1474 4343; x_wconf 90' lang='lat' dir='ltr'>Hic</span> <span class='ocrx_word' id='word_1_252' title='bbox 1517 4296 1793 4365; x_wconf 81' lang='lat' dir='ltr'>quoque</span> <span class='ocrx_word' id='word_1_253' title='bbox 1822 4284 2009 4343; x_wconf 76' lang='lat' dir='ltr'>recte</span> <span class='ocrx_word' id='word_1_254' title='bbox 2044 4274 2209 4343; x_wconf 82' lang='lat' dir='ltr'>mihi</span> <span class='ocrx_word' id='word_1_255' title='bbox 2240 4275 2504 4343; x_wconf 80' lang='lat' dir='ltr'>videtur</span> <span class='ocrx_word' id='word_1_256' title='bbox 2531 4274 2850 4343; x_wconf 81' lang='lat' dir='ltr'>Graefius</span> <span class='ocrx_word' id='word_1_257' title='bbox 2875 4274 2989 4342; x_wconf 82' lang='lat' dir='ltr'>di·</span> 
     </span>
     <span class='ocr_line' id='line_1_35' title="bbox 684 4370 2986 4475; baseline 0.003 -33"><span class='ocrx_word' id='word_1_258' title='bbox 684 4372 783 4443; x_wconf 75' lang='lat'>19</span> <span class='ocrx_word' id='word_1_259' title='bbox 794 4372 1078 4461; x_wconf 70' lang='lat' dir='ltr'>vitiasse,</span> <span class='ocrx_word' id='word_1_260' title='bbox 1128 4376 1197 4445; x_wconf 88' lang='lat' dir='ltr'>in</span> <span class='ocrx_word' id='word_1_261' title='bbox 1223 4379 1543 4447; x_wconf 86' lang='lat' dir='ltr'>mendosa</span> <span class='ocrx_word' id='word_1_262' title='bbox 1575 4378 1729 4446; x_wconf 88' lang='lat' dir='ltr'>cod.</span> <span class='ocrx_word' id='word_1_263' title='bbox 1762 4378 1936 4450; x_wconf 86' lang='lat' dir='ltr'>Mut.</span> <span class='ocrx_word' id='word_1_264' title='bbox 1961 4380 2292 4472; x_wconf 85' lang='lat' dir='ltr'>scriptura</span> <span class='ocrx_word' id='word_1_265' title='bbox 2319 4379 2526 4447; x_wconf 84' lang='lat' dir='ltr'>latere</span> <span class='ocrx_word' id='word_1_266' title='bbox 2553 4370 2986 4475; x_wconf 72' lang='grc' dir='ltr'><strong><em>ὀγχιπόροι-</em></strong></span> 
     </span>
    </p>
   </div>
   <div class='ocr_carea' id='block_1_10' title="bbox 783 4478 2042 4577">
    <p class='ocr_par' dir='ltr' id='par_1_11' title="bbox 783 4478 2042 4577">
     <span class='ocr_line' id='line_1_36' title="bbox 783 4478 2042 4577; baseline 0.003 -30"><span class='ocrx_word' id='word_1_267' title='bbox 783 4500 894 4551; x_wconf 69' lang='grc' dir='ltr'>σιτ</span> <span class='ocrx_word' id='word_1_268' title='bbox 946 4478 1134 4570; x_wconf 87' lang='lat' dir='ltr'>quod</span> <span class='ocrx_word' id='word_1_269' title='bbox 1156 4482 1677 4575; x_wconf 83' lang='lat' dir='ltr'>praeferendum</span> <span class='ocrx_word' id='word_1_270' title='bbox 1705 4483 2042 4577; x_wconf 77' lang='lat' dir='ltr'>vulgatae.</span> 
     </span>
    </p>
   </div>
  </div>
 </body>
</html>
