3259 5275
749 446 873 512 158
1433 446 1553 508 DE
1626 444 2175 507 PARTICVLA
2221 441 2313 509 ἂν

745 637 1098 730 quirentiS‚
1150 636 1307 725 sed,
1359 637 1679 727 quoniam
1722 636 2028 706 additum
2060 646 2162 706 est
2188 633 2280 709 ἄν
2295 687 2317 727 ,
2370 636 2461 707 de
2496 660 2577 706 re
2621 660 2709 707 ex
2748 638 2966 730 aliqua

750 740 1133 811 conditione
1186 764 1544 834 suspensa,
1599 751 1674 808 ut
1714 764 1944 810 sensus
1986 741 2101 827 sit,
2157 763 2302 810 non
2327 750 2549 835 puto,
2600 742 2745 812 nisi
2786 766 2967 836 qua

610 862 613 866 ’
747 847 935 915 dam
995 844 1442 931 conditione,
1506 844 1580 912 id
1619 845 1809 934 quod
1850 844 2008 913 licet
2052 846 2251 914 etiam
2304 847 2399 914 sic
2441 847 2763 937 exprimi,
2828 870 2969 917 non

740 957 922 1043 puto
955 970 1197 1041 posse.
1304 950 1481 1018 Nam
1532 949 1722 1037 quod
1763 958 1990 1041 potest
2028 950 2137 1018 vel
2179 966 2316 1017 non
2363 959 2594 1040 potest
2636 949 2820 1038 fieri,
2889 974 2971 1019 ex

750 1052 1132 1121 conditione
1185 1052 1410 1143 aliqua
1469 1051 1773 1144 pendeat
1828 1075 2103 1122 neccsse
2153 1063 2274 1124 est.
2378 1051 2463 1120 ld
2524 1053 2734 1146 igitur
2785 1065 2970 1123 recta

747 1156 1051 1224 oratione
1102 1154 1319 1241 dicaS,
1374 1156 1578 1249 ἔρεξα
1630 1152 1755 1235 ἄν,
1811 1155 1858 1252 ἢ
1897 1153 2029 1247 01²5,-
2083 1154 2361 1250 Nempe
2413 1178 2560 1225 non
2583 1155 2965 1249 fecissem.

743 1259 853 1327 Ex
879 1259 985 1326 his
1016 1254 1211 1327 facile
1243 1260 1478 1328 coniici
1502 1266 1732 1379 potest
1746 1309 1768 1346 ‚
1819 1280 2322 1350 nonnumquam
2349 1259 2452 1329 his
2487 1260 2721 1329 formis
2748 1262 2969 1331 omni-

743 1361 871 1431 bns
897 1362 1126 1431 locum
1153 1385 1318 1433 esse.
1424 1362 1568 1431 Vt
1549 1385 1617 1430 ιιι
1647 1362 2116 1454 Aristophanis
2145 1365 2346 1433 Pluto
2376 1386 2443 1437 v.
2473 1362 2647 1434 374.

1579 1543 1634 1588 ω
1663 1509 2100 1636 Ἠράκλεις,
2156 1516 2332 1614 φέρε
2364 1523 2501 1590 ποῖ
2523 1544 2637 1598 τις
2667 1512 2800 1591 οὖν

946 1613 1357 1719 τράποιτος
1407 1611 1724 1717 τάληθὲς
1758 1644 1898 1713 γαρ
1932 1614 2063 1691 ουίι
2094 1620 2368 1702 ἐθέλεις
2401 1613 2707 1717 φράσαι.

744 1775 907 1861 Quo
935 1776 1091 1843 loco
1119 1774 1176 1843 si
1217 1794 1374 1840 cum
1414 1770 1569 1844 cod.
1602 1770 1820 1863 Borg.
1853 1772 2101 1864 legitur
2130 1779 2262 1847 ποῖ
2298 1801 2410 1855 τις
2449 1772 2540 1846 ἂν
2578 1764 2968 1871 τράποιτο,

740 1902 975 1949 sensus
1006 1886 1144 1964 est,
1200 1897 1339 1968 quo
1376 1875 1536 1968 quis
1567 1896 1651 1944 se
1681 1883 1970 1945 vertere
1994 1873 2296 1969 possit?
2346 1900 2459 1947 wo
2493 1876 2759 1947 konnte
2787 1899 2969 1947 man

738 1982 901 2054 sich
940 1980 1366 2051 hinwenden
1385 1975 1429 2048 Ρ
1480 1977 1962 2048 Coniunctivus
2005 1981 2444 2072 significaret,
2490 2003 2631 2073 quo
2677 1981 2841 2075 quis
2890 2003 2969 2052 se

737 2082 1042 2157 vertat?
1082 2106 1196 2155 wo
1222 2083 1365 2153 soll
1391 2106 1570 2152 man
1597 2081 1759 2153 sich
1788 2080 2272 2153 hinwenden?
2326 2085 2623 2176 Vulgata
2649 2084 2815 2153 vero
2842 2084 2969 2154 ho-

643 2260 650 2265 ,
735 2191 933 2260 minis
967 2198 1070 2258 est
1103 2210 1336 2258 secum
1362 2187 1721 2279 cogitantis
1740 2237 1762 2274 ‚
1813 2187 1983 2276 quid
2014 2188 2123 2256 vel
2149 2187 2296 2281 ipse
2327 2188 2437 2257 vel
2465 2188 2679 2279 quivis
2721 2196 2970 2258 statuat

741 2294 831 2364 de
881 2293 1072 2362 dictis
1115 2292 1287 2362 illius
1308 2343 1330 2380 ‚
1400 2312 1606 2379 quem
1660 2291 2088 2383 tergiversari
2136 2291 2381 2360 credit:
2451 2313 2593 2384 quo
2640 2313 2853 2383 quem
2892 2314 2968 2362 se

735 2406 1026 2468 vertere
1053 2395 1213 2487 quis
1240 2388 1592 2463 censeat?
1643 2412 1756 2462 wo
1780 2394 2074 2466 mo'chte
2093 2417 2275 2466 man
2296 2394 2456 2466 sich
2480 2390 2967 2467 hinwenden?

735 2500 1003 2570 Eadem
1030 2499 1201 2567 ratio
1242 2505 1343 2567 est
1369 2519 1435 2570 v.
1465 2493 1646 2570 438.

947 2652 1127 2737 ἅναξ
1150 2651 1522 2728 Ἀπολλον
1549 2651 1669 2725 καὶ
1703 2651 1873 2725 θεοί
1883 2707 1913 2743 ,
1965 2658 2101 2726 ποῖ
2130 2651 2241 2736 τις
2279 2647 2546 2750 φύγοις

736 2808 855 2878 ubi
884 2808 1000 2899 qui
1032 2801 1221 2903 φύγῃ
1249 2804 1567 2896 scribunt,
1622 2806 2104 2875 deliberantem
2135 2806 2392 2876 faciunt
2419 2807 2960 2900 Blepsidemum.

734 2912 955 3003 quue
982 2912 1103 2980 etsi
1138 2932 1273 2978 non
1305 2918 1408 2978 est
1430 2910 1497 2977 in
1544 2910 1768 2995 libris,
1818 2920 2046 2979 tamen
2074 2912 2293 3003 aptius
2329 2911 2446 2980 illo
2474 2912 2632 2981 loco
2674 2912 2962 2981 videtur.

736 3016 856 3086 Sic
896 3017 1095 3085 etiam
1147 3011 1352 3106 apud'
1383 3012 1916 3082 Demosthenem
1960 3014 2029 3083 in
2069 3014 2272 3107 Lept.
2310 3038 2387 3107 p.
2429 3013 2605 3102 492,
2652 3013 2774 3086 21.
2825 3037 2962 3107 quo

734 3120 891 3189 loco
919 3116 1200 3212 optativi
1239 3139 1472 3186 caussa
1504 3118 1708 3186 utitur
1733 3117 2073 3212 Reisigius
2088 3167 2109 3206 ,
2160 3125 2461 3210 praestat
2495 3118 2688 3209 quod
2719 3141 2807 3188 ex
2836 3119 2963 3188 ali-

736 3231 905 3314 quot
945 3221 1148 3291 codd.
1192 3219 1384 3292 dedit
1417 3220 1809 3291 Bekkerus.
1871 3224 1942 3294 εἰ
1979 3220 2058 3294 δὲ
2088 3223 2269 3345 μῃδ’
2314 3249 2407 3294 αν
2435 3220 2535 3304 εἷς
2566 3226 2643 3296 ἐν
2684 3219 2964 3296 ἅπαντι

735 3327 845 3423 τῷ
870 3320 1147 3450 ωχροίιφ
1183 3320 1398 3397 τοῦτ’
1456 3325 1613 3416 ἔχοι
1656 3327 1882 3406 δεῖξαι
1922 3349 2249 3417 γεγονος,
2315 3323 2513 3407 τίνος
2565 3327 2774 3399 εἴνειι
2836 3321 2963 3420 ἐφ’

733 3426 942 3526 ἡμῶν
986 3428 1280 3523 πρῶτον
1316 3427 1773 3522 καταδειχθῇ
1813 3426 2159 3500 τοιοῦτον
2208 3427 2463 3524 ἔργονῑ
2524 3429 2746 3499 Recte
2794 3450 2961 3499 vero

735 3531 921 3625 apud
948 3530 1367 3625 Sophoclem
1401 3531 1559 3600 Ant.
1595 3528 1771 3602 6⁰4.
1802 3531 2130 3622 scriptum
2157 3538 2294 3618 est,

938 3678 1155 3767 τεάν,
1207 3683 1395 3772 Ζεῦ,
1442 3675 1741 3757 δύνασιν
1772 3681 1880 3768 τίς
1907 3678 2190 3781 α’νδρων

942 3784 1351 3883 ὑπερβασία
1379 3779 1780 3879 κατάσχοις

736 3940 871 4009 Vbi
929 3937 1228 4033 graviter
1277 3946 1618 4024 errarunt,
1690 3940 1805 4030 qui
1846 3933 2171 4035 κατάσχῃ
2220 3946 2692 4031 reposuerunt.
2801 3939 2961 4008 Non

735 4044 910 4113 enim
940 4043 1053 4111 hic
1089 4041 1573 4127 deliberationi,
1625 4042 1750 4112 sed
1776 4045 2073 4137 opinioni
2099 4044 2291 4112 locus
2322 4052 2441 4114 est.
2505 4043 2727 4112 Recte
2756 4044 2959 4111 etiam

734 4146 922 4239 apud
966 4144 1552 4215 Demosthenem
1531 4167 1599 4212 m
1639 4167 1740 4219 or.
1777 4147 1866 4214 ad
1904 4146 2181 4216 Phorm.
2217 4170 2290 4239 p.
2340 4144 2516 4232 921,
2546 4146 2617 4219 l.
2672 4146 2959 4238 legitur.

730 4249 849 4323 καὶ
880 4247 1018 4323 ὅσα
1043 4250 1181 4341 μὲν
1212 4243 1367 4320 εἷπε
1385 4274 1578 4340 μετα
1609 4248 1738 4343 τῆς
1775 4245 2162 4346 ἀληθείας,
2224 4277 2328 4346 μη
2364 4249 2645 4373 χρῆσθε
2677 4275 2958 4346 τεκμη-

732 4353 900 4478 ρι’φ’
955 4350 1007 4425 οἳ
1047 4347 1120 4425 δ
1152 4342 1516 4444 ἐψεύσατο
1546 4378 1636 4424 το
1665 4350 2014 4446 ὕστερον,
2068 4353 2313 4449 ἐπειδὴ
2363 4345 2777 4447 διεφθάρη,
2832 4377 2954 4423 πι-

733 4450 1049 4556 στότερα
1080 4449 1319 4531 ταῦθ
1347 4447 1796 4549 υπολάβοιτε
1825 4452 2058 4550 εἷναις
2107 4457 2151 4529 i.
2181 4479 2241 4527 e.
2271 4454 2462 4526 haec
2495 4476 2628 4524 vos
2652 4454 2955 4524 veriora
