3259 5275
749 447 877 511 18⁰
1422 441 1545 504 DE
1619 441 2183 503 PARTICVLA
2226 436 2320 507 ἂν

749 624 1223 753 συγκοιμήσει
1255 630 1395 705 τοῦ
1426 631 1565 725 μὲν
1601 630 1922 727 ἐραστοῦ
1957 627 2002 705 o‘
2037 624 2439 713 αἰιόλαστος
2484 637 2700 715 ἵππος
2746 634 2897 724 ἔχει
2941 633 2985 710 5

749 766 829 812 τι
855 739 1018 833 λε’γῃ
1058 727 1239 830 πρός
1269 729 1404 808 τόν
1438 729 1785 832 ἐραστήν,
1840 734 1960 807 καὶ
1990 731 2190 816 άειοῖ
2213 728 2384 807 α’ντὶ
2417 737 2701 810 πολλων
2740 731 3027 812 πόνων

749 834 1027 934 σμικρά
1059 835 1509 911 ἀπολαῦσαι·
1565 847 1634 906 et
1652 837 1841 930 apud
1868 838 2148 928 Lysiam
2178 848 2412 906 contra
2425 839 2696 913 Andoc.
2721 864 2790 933 p.
2808 838 2982 915 254.

750 942 963 1035 (106.
993 943 1105 1029 vel
1133 940 1308 1014 238.
1336 941 1609 1034 Reisk.)
1659 943 1825 1022 ἴσως
1855 936 1988 1014 οὖν
2016 969 2137 1012 και
2186 940 2556 1036 Κηφισίου
2587 939 2984 1042 ἀντικατη-

747 1043 1046 1144 γορήσει
1092 1043 1211 1117 καὶ
1254 1049 1395 1126 ἔξει
1435 1043 1480 1118 ὅ
1511 1072 1590 1118 τι
1624 1045 1829 1140 λέγῃ·
1882 1043 2004 1113 sed
2039 1054 2402 1134 utrumque
2438 1068 2523 1113 ex
2573 1047 2982 1121 coniectura.

745 1149 1126 1238 Vtrubique
1161 1149 1371 1241 vulgo
1421 1149 1617 1241 λέγοι
1629 1200 1657 1236 ,
1724 1146 1848 1216 sed
1888 1148 2041 1217 libri
2085 1148 2319 1240 scripti
2357 1149 2607 1239 Lysiae
2657 1160 2728 1219 et
2771 1152 2980 1243 longe

743 1254 1016 1347 plurimi
1044 1253 1416 1344 optimique
1443 1250 1646 1320 codd.
1689 1250 1985 1319 Platonis
2014 1253 2222 1343 λέγει.
2290 1252 2489 1320 Vnde
2516 1254 2786 1345 utrique
2816 1256 2982 1323 scri-

743 1357 926 1450 ptori
958 1354 1001 1428 5
1032 1382 1102 1427 τι
1148 1356 1374 1447 λέγειν
1419 1354 1906 1424 restituendum
1938 1355 2224 1427 videtur.
2327 1355 2505 1424 Vide
2537 1356 2763 1450 Soph.
2797 1356 2978 1432 Oed.

751 1458 903 1533 Col.
960 1457 1082 1526 48.
1138 1467 1207 1526 et
1257 1481 1433 1547 quae
1488 1458 1585 1527 ibi
1633 1458 1955 1527 adnotata
2006 1468 2178 1527 sunt.
2280 1459 2769 1552 Aristophanes
2817 1485 2981 1532 vero

745 1572 931 1633 recte
960 1562 1124 1630 dixit
1149 1563 1220 1630 in
1241 1563 1448 1655 Vesp.
1479 1557 1658 1630 945.

954 1727 1118 1808 α’λλ
1146 1727 1352 1806 οὖν’
1311 1757 1500 1822 εχειν
1530 1723 1744 1813 οὗτός
1777 1727 1933 1824 γ’*
1888 1757 2120 1806 εοικεν
2154 1729 2200 1808 5
2231 1760 2310 1807 τι
2342 1733 2528 1831 λέγῃ.

748 1912 817 1974 et
856 1905 1006 1997 ipse
1047 1903 1303 1972 Plato
1284 1927 1351 1971 ιιι
1381 1903 1549 1995 Lys.
1581 1926 1658 1995 p.
1685 1900 1860 1976 222.
1905 1911 2074 1975 extr.
2105 1896 2271 1975 άλλ
2313 1903 2377 1975 εὶ
2425 1902 2655 2001 ’μηδὲν
2691 1897 2980 1979 τούτων

747 2007 961 2103 φίλον
995 2005 1231 2088 ἐστίν,
1288 2000 1423 2098 ἐγω
1454 2007 1593 2099 μὲν
1624 2001 1871 2079 οὐκέτι
1901 2006 2035 2095 ἔχω
2067 2005 2147 2078 τί
2172 2005 2369 2097 λέγω.
2449 2007 2544 2074 Et
2570 2008 2979 2077 Demosthe·

743 2135 864 2180 nes
897 2135 971 2204 p.
1006 2109 1180 2194 378,
1221 2104 1291 2178 5.
1348 2105 1437 2183 οὐ
1461 2136 1601 2206 γαρ
1649 2103 1740 2206 δή
1772 2104 1880 2182 δι
1924 2105 2242 2202 άπορίαν
2270 2135 2353 2201 γε
2381 2106 2469 2181 οὐ
2504 2104 2754 2205 φήσεις
2791 2111 2976 2200 ἔχειν
3008 2121 3018 2132 “

745 2212 791 2288 5
821 2242 897 2286 τι
930 2216 1148 2310 εἴπῃς,
1200 2222 1276 2281 ut
1302 2235 1388 2282 ex
1416 2212 1618 2281 codd.
1647 2234 1779 2305 pro
1810 2214 2039 2293 εἴποις
2067 2210 2257 2280 dedit
2284 2210 2662 2282 Bekkerus.
2668 2236 2687 2253 ·
2763 2213 2978 2305 Apud

742 2290 1231 2407 Thucydidem
1266 2311 1842 2407 vn.25.1egitur
1874 2314 1964 2383 de
1994 2315 2276 2383 navibus
2319 2316 2800 2441 Syracusanisj
2853 2314 2976 2390 καί

745 2416 990 2492 αυτοῖν
1026 2417 1166 2513 μία
1195 2419 1334 2513 μὲν
1366 2422 1434 2499 ἐς
1468 2411 2028 2541 Πελοπόννησον
2061 2416 2325 2514 ᾤχετο,
2381 2421 2716 2514 πρέσβεις
2749 2417 2971 2513 ἄγου-

743 2549 876 2610 σα,
932 2528 1139 2617 οἵπερ
1171 2517 1270 2595 τά
1312 2548 1396 2593 τε
1431 2523 1749 2619 σφέτερα
1786 2514 2193 2647 φράσωσιν
2208 2518 2331 2603 ὅτι
2373 2526 2449 2595 ἐν
2491 2522 2769 2595 ἐλπίσιν
2810 2522 2971 2601 εἰσί,

739 2624 861 2698 καὶ
894 2653 1030 2698 τον
1072 2630 1212 2699 ἐκει
1191 2617 1568 2718 ’“’πόλεμον
1603 2624 1886 2719 μᾶλλον
1916 2615 2370 2718 ἐποτρύνωσι
2408 2624 2815 2719 γίγνεσθαι.
2881 2627 2976 2698 At

739 2729 849 2797 vel
889 2741 1175 2822 propter
1208 2728 1513 2797 additum
1552 2730 1689 2824 πὲρ
1723 2750 2103 2821 pronomen
2146 2726 2313 2797 illud
2338 2728 2503 2798 ferri
2534 2732 2801 2820 nequit.
2855 2754 2973 2801 or-

740 2841 883 2901 tum
934 2843 1037 2902 est
1083 2858 1123 2902 e
1168 2833 1343 2902 male
1387 2833 1568 2901 lecto
1613 2831 2025 2923 compendio
2073 2832 2445 2923 particulae
2493 2830 2713 2921 ὅπως,
2768 2856 2971 2924 quam

736 2937 938 3028 pauci
971 2936 1246 3027 quidem
1279 2936 1548 3005 codices
1565 2989 1585 3026 ‚
1641 2934 1764 3004 sed
1793 2936 1888 3003 illi
1915 2934 2104 3002 haud
2150 2934 2356 3004 dubie
2390 2946 2576 3006 recte
2614 2938 2968 3030 praebent.

736 3037 959 3108 Valde
1007 3039 1238 3109 differt
1276 3041 1363 3109 ab
1405 3040 1542 3108 hoc
1582 3039 1653 3106 in
1692 3038 1937 3108 eodem
1965 3038 2140 3108 libro
2185 3062 2243 3107 c.
2280 3037 2350 3108 7.
2381 3040 2583 3109 illud:
2636 3041 2971 3137 πρέσβεις

735 3170 821 3216 τε
854 3141 1064 3216 ἄλλοι
1111 3144 1257 3217 τῶν
1305 3140 1782 3239 Συρακοσίων
1828 3141 1950 3214 καὶ
1991 3140 2427 3237 Κορινθίων
2480 3149 2547 3224 ἐς
2587 3147 2968 3218 Λακεδαί-

733 3270 932 3337 μονα
988 3246 1106 3320 καὶ
1151 3241 1545 3341 Κόρινθον
1597 3240 2110 3341 ἀπεστάλησαν
2132 3294 2154 3333 ,
2224 3242 2414 3327 ὅπως
2478 3241 2799 3341 στρατιοῐ
2855 3248 2970 3320 ἔτι

735 3351 1121 3448 περαιωθῇ
1138 3344 1384 3447 τρόπῳ
1418 3345 1476 3445 ᾦ
1501 3349 1592 3422 ἄν
1619 3354 1697 3422 ἐν
1731 3341 2027 3421 ὁλκάσιν
2060 3346 2107 3446 ἢ
2137 3347 2418 3430 πλοίοις
2448 3348 2493 3443 ἢ
2522 3348 2746 3430 ἄλλως
2777 3346 2966 3430 ὅπως

735 3449 827 3524 ἄν
862 3455 1220 3550 προχωρῇ.
1289 3456 1446 3522 Νοιι
1479 3453 1656 3522 enim
1680 3452 1848 3533 finis,
1900 3451 2023 3520 sed
2055 3449 2351 3540 condjtio
2381 3451 2738 3537 indicatur,
2792 3474 2966 3545 quo-

735 3575 1038 3647 cumque
1061 3558 1282 3625 modo
1311 3579 1435 3627 res
1450 3557 1873 3651 procedere
1900 3553 2338 3648 visafuerit.

938 3660 1180 3729 Rarius
1211 3669 1314 3728 est
1343 3658 1533 3741 ὅπως
1561 3683 1717 3728 cum
1749 3660 1980 3728 futuro
2011 3660 2081 3726 iu
2111 3656 2439 3727 eiusmodi
2466 3657 2669 3746 locis,
2715 3657 2784 3727 in
2811 3659 2960 3750 qui-

731 3759 858 3830 bus
887 3765 1260 3832 necessario
1288 3787 1421 3856 per
1446 3763 2075 3834 utvertendumest.
2130 3761 2512 3855 Sophocles
2543 3762 2716 3831 Phil.
2740 3760 2953 3831 1⁰68.

938 3929 1156 4054 zoio-so
1190 3927 1315 4008 σύ·
1367 3963 1472 4031 μη
1505 3920 1975 4028 προςλευσσε,
2027 3925 2355 4027 γενναῖός
2376 3957 2513 4028 περ
2542 3930 2673 4006 ων·

937 4062 1142 4133 ημων
1178 4034 1367 4119 ὅπως
1397 4065 1500 4130 μν
1530 4066 1664 4128 την
1690 4031 1913 4135 τύχην
1943 4040 2393 4135 διαφθερεῖς·

726 4187 967 4281 Eurip.
1000 4189 1154 4283 lph.
1183 4192 1271 4261 T.
1306 4190 1477 4259 321.

934 4336 1280 4467 Πυλάδη,
1334 4338 1807 4439 θανούμεθ’·
1860 4337 2069 4432 αλλ,
2124 4339 2313 4424 ὅπως
2348 4335 2798 4436 θανούμεθα

930 4440 1317 4539 κάλλισθ’,
1372 4453 1551 4523 ἕπου
1572 4476 1762 4546 μοι,
1817 4440 2194 4545 φάσγανον
2225 4438 2505 4529 σπάσας
2529 4444 2711 4546 χερί.
