3259 5275
587 388 591 392 ⁸
688 444 817 509 m
1363 436 1482 499 m:
1550 433 2111 500 PARTICVLA
2154 383 2247 501 δι’,

697 655 833 724 que
870 638 950 698 ut
993 621 1085 701 νοὶ
1128 616 1330 717 illud,
1382 651 1521 720 quo
1562 629 1774 698 hodie
1821 638 2097 700 utuntur
2135 627 2424 712 Graeci,
2474 626 2681 696 veluti
2721 626 2921 723 pestis

700 733 1039 829 quaedam
1070 733 1449 802 universam
1480 734 1749 827 linguae
1777 735 2109 803 rationem
2134 740 2619 822 corrumperet.

906 835 1050 905 Sed
1089 838 1428 906 mittamus
1457 836 1626 921 hoc,
1672 837 1861 927 quod
1911 845 2272 926 corruptae
2317 835 2625 903 dictionis
2671 844 2812 919 est,
2864 845 2931 903 et

702 963 986 1035 agamus
1029 941 1163 1008 iam
1210 939 1321 1027 id,
1388 941 1576 1031 quod
1621 940 1736 1008 hic
1776 942 1966 1011 locus
2017 941 2142 1009 sibi
2183 939 2514 1031 postulat,
2572 946 2647 1006 ut
2706 947 2927 1006 osteu-

704 1046 978 1130 damm,
1031 1067 1152 1112 cur
1193 1066 1329 1113 non
1368 1043 1695 1112 dicatur‘'
1657 1039 1759 1117 ιμ’
1805 1042 1933 1134 ἄν,
1983 1044 2102 1112 ubi
2143 1052 2224 1113 ut
2259 1040 2771 1135 significandum
2817 1051 2934 1113 est.

703 1148 935 1218 Posita
969 1156 1071 1217 est
1113 1146 1311 1217 huius
1352 1149 1450 1216 rei
1478 1150 1652 1217 ratio
1696 1148 1766 1214 in
1801 1170 1921 1235 eo,
1975 1146 2165 1238 quod
2207 1154 2325 1219 ἵνα
2368 1145 2651 1237 proprie
2687 1144 2811 1215 uba·
2840 1146 2932 1214 si-

707 1252 1006 1347 gnificat.
1110 1251 1193 1319 ld
1223 1252 1400 1319 enim
1441 1252 1597 1342 quia
1629 1262 1864 1319 natura
1906 1273 2024 1319 sua
2065 1249 2413 1319 definitum
2452 1259 2586 1336 est,
2643 1257 2713 1316 et
2751 1248 2839 1316 ad
2863 1247 2936 1316 id

708 1357 937 1448 ipsum
961 1403 981 1440 ,
1035 1354 1124 1423 de
1167 1377 1306 1443 quo
1337 1378 1557 1424 sermo
1589 1365 1724 1441 est,
1776 1353 2102 1441 refertur,
2153 1354 2368 1421 arceri
2401 1352 2699 1444 postulat
2729 1353 2934 1445 parti·

710 1458 933 1527 culam
967 1456 1057 1530 ἅν
1076 1509 1098 1546 ,
1148 1466 1223 1525 ut
1252 1481 1428 1548 quae
1459 1482 1604 1527 rem
1639 1480 1791 1527 eam
1825 1459 2145 1526 incertam
2178 1466 2247 1525 et
2287 1456 2562 1523 dubiam
2591 1454 2939 1524 redditura

711 1667 769 1735 si
797 1665 1076 1758 proprie
1097 1666 1618 1757 interpretamur
1634 1717 1654 1751 ‚
1709 1673 1811 1733 est
1831 1664 1974 1733 huc
2005 1664 2199 1750 veni,
2240 1659 2361 1730 aba·
2392 1659 2779 1731 verberari
2813 1633 2940 1730 de-

713 1767 923 1856 beas,
976 1790 1113 1836 non
1149 1791 1286 1858 quo
1325 1768 1494 1837 illud
1533 1767 1657 1839 ube·
1698 1767 1788 1836 ad
1831 1768 1974 1837 huc
2000 1767 2358 1854 referatur,
2411 1765 2534 1835 sed
2568 1766 2728 1855 quia
2777 1788 2936 1857 spe-

713 1881 854 1940 ctat
891 1869 979 1939 ad
1020 1879 1233 1939 totum
1263 1871 1430 1940 illud
1466 1872 1610 1942 huc
1643 1871 1824 1957 veni,
1874 1872 1921 1944 i.
1964 1894 2022 1939 ε.
2055 1871 2124 1938 in
2166 1892 2302 1960 qua
2340 1892 2451 1957 re,
2502 1870 2571 1938 in
2609 1868 2939 1937 veniendo

709 1971 871 2046 huc.
976 1974 1094 2042 Sic
1128 2001 1410 2048 κτανων
1438 1980 1506 2057 ἐς
1536 1971 1743 2067 οἶδμ’
1777 1967 1947 2056 ἁλός
1973 1969 2305 2069 μεθῆχᾈ
2363 1967 2461 2049 ἵν’
2497 1965 2718 2055 αὐτᾶς
2757 1997 2941 2093 χρει-

714 2071 848 2151 σόν
887 2081 964 2151 ἕν
1003 2065 1328 2170 δόμοις”
1286 2106 1408 2177 εχῃ
1425 2134 1453 2168 ,
1505 2079 1574 2147 iu
1615 2101 1803 2147 mare
1836 2077 2166 2170 proiecit,
2219 2075 2375 2163 ubi,
2426 2076 2471 2149 i.
2505 2097 2564 2143 ε.
2614 2076 2682 2143 ἰιι
2726 2077 2940 2167 proii-

720 2180 965 2250 ciendo
1021 2202 1315 2273 corpore
1330 2234 1351 2270 ‚
1402 2183 1559 2276 ipse
1604 2190 1846 2252 servet
1894 2203 2160 2250 aurum
2177 2228 2200 2265 ,
2254 2177 2443 2271 quod
2478 2179 2695 2271 possis
2740 2180 2940 2248 etiam

718 2283 1003 2353 dicere‘
975 2306 1052 2353 m
1083 2307 1233 2377 qua
1266 2307 1373 2370 re,
1421 2287 1535 2354 vel
1564 2309 1715 2379 qua
1742 2308 1842 2354 re.
1906 2284 2083 2353 Eam
2116 2307 2266 2353 rem
2291 2291 2517 2352 autem
2538 2290 2731 2375 patet
2760 2305 2942 2351 sem-

714 2410 847 2480 per
903 2398 1156 2455 ccrtam
1201 2410 1382 2457 esse:
1434 2398 1537 2458 est
1576 2390 1752 2457 cuim
1788 2387 1957 2456 illud
1998 2388 2220 2481 ipsum
2242 2443 2262 2478 ‚
2330 2409 2470 2479 quo
2514 2408 2753 2454 caussa
2800 2387 2941 2455 eius

714 2490 905 2581 quod
949 2491 1383 2558 efficiendum
1421 2500 1523 2561 est
1568 2492 1961 2564 continetur.
2070 2489 2279 2576 Quod
2308 2491 2362 2559 si
2402 2484 2619 2562 Z'v'c’iv
2663 2487 2945 2577 diceres,

717 2604 896 2666 esset
928 2593 999 2661 id
1027 2593 1102 2662 in
1133 2617 1226 2663 ea
1264 2617 1382 2685 re,
1438 2595 1502 2665 εἰ
1531 2618 1622 2665 ea
1658 2595 1732 2665 in
1763 2617 1883 2686 re,
1935 2595 2107 2664 sicut
2150 2593 2227 2676 ὃς
2267 2592 2359 2667 ἄν
2402 2602 2503 2661 est
2545 2593 2704 2686 qui,
2757 2593 2824 2662 εἰ
2859 2592 2944 2678 ie,

718 2697 908 2788 quod
936 2708 1037 2765 cst
1069 2697 1495 2791 quicumque
1521 2701 1633 2769 vel
1666 2699 2011 2794 quisquis.
2084 2698 2295 2787 Atqui
2322 2698 2417 2764 sic
2444 2695 2631 2787 quod
2660 2719 2790 2787 per
2820 2697 2946 2764 ali-

619 2797 628 2810 *
717 2823 924 2891 quam
956 2803 1103 2870 rem
1133 2802 1315 2871 effici
1358 2802 1726 2889 diceretur,
1778 2803 1973 2871 simul
2022 2825 2160 2870 non
2200 2824 2327 2893 per
2367 2799 2545 2867 hanc
2587 2822 2770 2883 rem,
2824 2798 2946 2868 sed

715 2927 850 2996 per
877 2907 1178 2995 quamvis
1209 2906 1408 2974 aliam
1438 2907 1930 3000 significaretur
1955 2905 2170 2992 effici,
2225 2926 2444 2993 coque
2476 2903 2731 2995 periret
2756 2903 2945 2994 illud,

716 3008 906 3098 quod
935 3017 1080 3077 erat
1120 3009 1503 3092 dicendum,
1560 3034 1708 3104 qna
1738 3033 1856 3098 re,
1907 3010 1949 3079 i.
1986 3033 2045 3078 ε.
2071 3016 2186 3093 ut,
2239 3008 2387 3094 vel,
2420 3015 2497 3074 ut
2525 3028 2804 3099 prorsus
2853 3008 2948 3076 si-

716 3112 858 3182 mili
903 3113 1238 3182 vocabulo
1283 3114 1605 3202 reddam,
1673 3136 1833 3207 quo,
1937 3109 2019 3181 Id
2063 3111 2172 3181 vel
2217 3111 2507 3180 maxime
2547 3112 2838 3179 cernitur
2881 3112 2952 3179 in

718 3216 798 3284 iis
858 3239 1037 3305 quae
1101 3217 1321 3285 obiter
1363 3218 1780 3288 adiiciuntur.
1861 3214 2183 3307 Xenoph.
2231 3214 2472 3306 Symp.
2530 3210 2614 3301 2,
2673 3212 2797 3282 26.
2861 3213 2951 3309 ἢν

721 3317 800 3393 δὲ
848 3316 1022 3414 ἡμῖν
1069 3325 1143 3391 οἱ
1197 3323 1449 3401 παῖδες
1497 3326 1792 3416 μικραῖς
1844 3313 2072 3401 κύλιξι
2113 3310 2348 3390 πυκνοῖ
2397 3311 2950 3412 ἑπιψεκᾶζωσιν,

724 3427 844 3494 ἵνα
872 3448 989 3492 και
1031 3414 1168 3514 ε’γω
1203 3427 1279 3495 ἐν
1320 3421 1701 3519 Γοργείοις
1744 3414 2062 3519 ῥήμασιν
2098 3421 2317 3542 elam,
2367 3417 2594 3501 οὕτως
2628 3417 2717 3493 οὐ
2766 3428 2946 3513 βια-

722 3521 1018 3616 ζόμενοι
1078 3518 1226 3597 υπό
1277 3527 1413 3598 τοῦ
1460 3530 1666 3599 οἴνου
1714 3520 2072 3618 μεθύειν,
2152 3519 2317 3595 ἀλλ’
2364 3518 2953 3617 αναπειθόμενοι

720 3619 901 3720 πρός
928 3618 1021 3697 τό
1044 3629 1699 3725 παιγνιωδέστερον
1725 3622 2172 3723 ἀφιξόμεθα.
2275 3627 2330 3701 Ι.
2366 3650 2427 3694 ε.
2459 3628 2741 3719 proprie
2773 3649 2953 3696 nam

723 3728 790 3797 εἰ
807 3728 1025 3820 pueri
1055 3726 1261 3799 nobis
1287 3732 1553 3824 parvis
1598 3728 1955 3801 calicibus
1998 3752 2221 3824 saepe
2244 3782 2265 3818 ,
2319 3728 2441 3800 ube·
2481 3752 2626 3823 ego
2673 3752 2955 3824 quoque

728 3830 796 3900 G
803 3852 1041 3924 orgea
1053 3855 1230 3903 voce
1247 3835 1530 3922 dixero,
1559 3835 1908 3905 irrorent.
1962 3837 2272 3926 Apparet
2293 3834 2428 3903 hoc
2442 3832 2587 3902 fere
2602 3834 2788 3904 idem
2806 3858 2954 3903 esse

722 3943 926 4024 atque
967 3932 1123 4020 ubi,
1163 3938 1203 4007 i.
1226 3961 1284 4006 ε.
1317 3939 1382 4007 εἰ
1414 3939 1591 4008 ηιὶΙιὶ
1624 3938 1921 4008 licuerit
1957 3936 2273 4030 Gorgea
2302 3959 2476 4007 voce
2509 3938 2634 4006 uti.
2703 3939 2953 4028 Longe

722 4039 920 4106 aliam
962 4062 1129 4108 vero
1167 4043 1651 4133 particularum
1694 4040 1782 4121 uic
1824 4051 1895 4111 et
1934 4038 2124 4122 ὅπως
2162 4042 2491 4110 rationem
2543 4065 2693 4110 esse
2743 4051 2951 4134 patet.

720 4140 874 4210 Hae
918 4143 1096 4211 enim
1136 4154 1373 4213 natura
1419 4167 1538 4214 sua
1572 4145 1663 4213 ad
1703 4144 1812 4230 id,
1866 4143 2054 4233 quod
2105 4153 2336 4234 potest
2381 4144 2582 4212 etiam
2622 4145 2954 4214 incertum

722 4267 907 4328 esse,
958 4247 1383 4335 referuntur,
1452 4247 1751 4336 ideoque
1800 4246 2158 4314 admittunt
2203 4248 2608 4340 particulam
2646 4246 2761 4322 ἄν.
2865 4248 2957 4317 Vt

719 4344 919 4450 ὅπωςθ
945 4345 1037 4421 ἂν
1086 4350 1317 4443 εἰδῇς,
1371 4350 1558 4440 quod
1591 4359 1694 4418 est
1721 4348 1859 4419 tali
1889 4349 2213 4441 quodam
2241 4352 2462 4422 modo
2493 4374 2635 4445 quo
2671 4373 2952 4446 cogno-

719 4472 897 4522 scas
929 4451 1042 4520 vel
1073 4474 1363 4545 quoquo
1389 4454 1612 4522 modo
1647 4473 2079 4547 cognoscas.
