3259 5275
708 519 794 582 62
1412 514 1526 575 DE
1581 507 2131 577 PARTICVLA
2175 510 2271 579 ἄν

720 705 886 777 Non
914 705 1245 776 viverem.
1351 703 1633 798 Cogitat
1670 706 1887 793 enim,
1940 699 2106 779 οἷλλ
2139 700 2311 797 εἰμι’.
2386 702 2777 773 Herodotus
2813 704 2935 775 111.

713 808 834 881 25.
869 813 939 884 εἰ
974 812 1114 904 μέν
1155 835 1283 882 νυν
1327 802 1597 901 μαθων
1633 809 1876 881 ταῦτα
1907 836 1949 882 ο
1932 802 2383 904 ’Καμβύσης
2424 802 2939 902 ἐγνωσιμάχεε,

713 914 835 990 καὶ
871 909 1103 1036 ἀπῆγε
1152 909 1379 987 ὀπίσω
1407 907 1542 987 τόν
1586 904 1911 1007 στρατόν
1953 910 2069 984 ἐπὶ
2099 911 2193 1007 τῇ
2226 906 2565 1007 οἷρχῆθεν
2588 913 2938 1008 γενομένῃ

713 1010 1128 1113 ἁμαρτάδι,
1193 1013 1283 1111 ἦν
1345 1014 1437 1090 ἄν
1487 1008 1714 1111 σοφός
1762 1009 1967 1110 οἷνῆρ.
2069 1014 2346 1084 Scilicet
2391 1037 2570 1082 nunc
2616 1037 2755 1082 non
2812 1014 2941 1083 fuit

710 1123 813 1191 vir
819 1120 1164 1249 ι..Ρι-ιιᾶοιις.
1203 1119 1566 1188 Demosth.
1603 1116 1716 1188 01.
1763 1118 1850 1186 11.
1898 1142 1971 1210 p.
2022 1116 2145 1203 24,
2188 1116 2310 1191 27.
2373 1112 2543 1191 οὐδὲ
2577 1112 2936 1212 θαυμάζω

709 1220 926 1298 τοῦτ’
958 1217 1127 1317 ἐγώ·
1180 1219 1618 1296 τούναντίον
1648 1248 1790 1318 γαρ
1825 1249 1918 1295 αν
1950 1216 2042 1319 ῆν
2076 1214 2548 1315 θαυμαστόν,
2605 1223 2675 1293 εἰ
2707 1221 2938 1344 μῃδὲν

708 1327 1088 1408 ποιοῦντες
1111 1324 1315 1423 ἡμεῖς
1345 1322 1444 1400 ὦν
1491 1332 1647 1407 τοῖς
1689 1325 2096 1418 πολεμοῦσι
2144 1318 2478 1420 προςήκει
2515 1323 2658 1397 τοῦ
2689 1351 2937 1398 παντα

707 1430 1096 1511 ποιοῦντος
1126 1429 1178 1501 οἳ
1207 1431 1321 1502 δεῖ
1346 1429 1719 1550 περιῆμεν.
1823 1426 2014 1497 Male
2039 1427 2154 1497 hic
2186 1427 2387 1496 codd.
2427 1427 2706 1518 quidam
2734 1428 2937 1496 omit-

706 1542 855 1604 tunt
882 1561 994 1608 αν.
1102 1533 1282 1602 Nam
1268 1533 1708 1657 moppositum
1737 1541 1858 1621 est,
1912 1528 2081 1607 ἄλλ’
2113 1527 2243 1606 οὐκ
2271 1532 2430 1605 ἔστι
2464 1526 2938 1624 θαυμαστόν,

708 1665 773 1713 ει
761 1638 1031 1733 μηδὲν
1073 1634 1461 1717 ποιοῦντες
1502 1636 1644 1711 τοῦ
1668 1629 1913 1710 πάντα
1953 1634 2347 1715 ποιοῦντος
2374 1627 2484 1756 μῆ
2511 1628 2940 1729 περιεσόμε-

704 1749 837 1815 θα.
941 1739 1184 1809 Idem
1164 1761 1234 1806 m
1261 1738 1558 1832 Philipp.
1593 1739 1649 1807 L
1683 1741 1819 1807 init.
1851 1764 1924 1832 p.
1956 1738 2080 1828 40,
2133 1737 2204 1810 8.
2259 1740 2330 1811 εἰ
2348 1762 2488 1832 γαρ
2537 1742 2613 1812 ἐκ
2639 1737 2782 1811 τοῦ
2803 1764 2940 1811 πα-

707 1837 1196 1939 ρεληλυθότος
1238 1835 1512 1937 χρόνου
1576 1870 1674 1916 τα
1737 1844 2003 1917 δέοντα
2063 1837 2275 1916 οὗτοι
2335 1832 2937 1933 συνεβουλευσαν,

707 1942 833 2020 οὐκ
875 1974 967 2020 αν
1012 1971 1203 2038 υμας
1248 1945 1380 2018 νῦν
1425 1946 1573 2018 ἔδει
1615 1940 2129 2039 βουλεύεσθαι.
2230 1945 2504 2037 Nempe
2539 1945 2939 2075 oppofitum

576 2074 609 2088 -·
706 2058 842 2137 est,
901 2042 1089 2123 α’λλα
1122 2050 1238 2122 δεῖ
1277 2048 1427 2121 νῦν.
1527 2048 1940 2141 Xenophon.
1981 2048 2203 2120 Anah.
2241 2047 2325 2117 V.
2381 2047 2466 2137 1,
2510 2047 2629 2116 10.
2685 2050 2756 2120 εἰ
2796 2047 2937 2140 μὲν

702 2146 1187 2250 ἠπιστάμεθα
1238 2148 1524 2246 σαφῶς,
1598 2148 1722 2226 ὅτι
1770 2150 1923 2250 ἥξει
1967 2157 2190 2227 πλοῖα
2236 2148 2691 2245 Χειρίσοφος
2739 2149 2936 2243 ἄγων

701 2250 945 2336 ἱκανοί,
1000 2252 1130 2330 οὐκ
1164 2253 1257 2328 ἄν
1288 2255 1437 2328 ἔδει
1466 2250 1566 2327 ὧν
1591 2255 1829 2348 μέλλω
1863 2257 2114 2348 λέγειν.
2218 2254 2486 2323 Eadem
2514 2253 2630 2322 hic
2657 2276 2937 2344 quoque

699 2359 1067 2453 oppositio.
1171 2356 1390 2427 Addit
1434 2359 1832 2450 oppositum
1876 2358 2579 2429 Demosth.'1*imocr.
2636 2381 2710 2449 p.
2756 2355 2935 2448 730,

698 2462 820 2532 24.
881 2454 1067 2535 αλλα
1133 2486 1220 2557 νη
1287 2458 1443 2534 Δία
1505 2453 1809 2558 αἰσχρόν
1868 2462 2032 2542 ἴσως
2085 2460 2179 2536 οἲν
2236 2457 2368 2558 ἦν,
2415 2457 2934 2583 ⁸Avcl‘po‘te'enntce

700 2567 1075 2654 δεδεᾞσθαι
1128 2591 1173 2661 η
1149 2562 1652 2662 Τλαυκέτην,.
1708 2562 1752 2685 ῆ
1781 2557 2289 2657 Μελανωπονς
2342 2559 2433 2638 οὐ
2462 2591 2573 2657 μα
2606 2557 2742 2638 cdv
2769 2561 2932 2655 Δι,

702 2697 757 2743 ω
734 2665 1045 2766 ’ἄνδρες
1084 2666 1443 2742 δικασταί.
1518 2669 1600 2737 Si
1629 2668 1778 2758 quis
1807 2669 1936 2737 alia
1965 2670 2282 2762 exempla
2307 2668 2637 2759 requirat,
2677 2668 2937 2758 aliquot

699 2795 785 2842 ex
810 2794 946 2841 uno
973 2770 1438 2840 Demosthene
1479 2771 1831 2859 indicabo,
1884 2772 2076 2864 apud
2113 2795 2318 2863 quem
2353 2771 2502 2863 quis
2535 2771 2628 2846 ἄν
2657 2794 2817 2840 cum
2842 2767 2955 2867 ἦν,

697 2876 1130 2946 coniunctum
1183 2875 1512 2961 inveniat,
1563 2899 1639 2967 p.
1690 2874 1815 2961 4ο,
1870 2875 1990 2947 18.
2046 2874 2170 2964 74,
2226 2875 2345 2945 ιτ.
2404 2874 2527 2962 οτ,
2577 2873 2701 2944 19.
2755 2874 2932 2963 loe,
3043 2870 3048 2877 ·

697 2979 820 3050 22.
873 2977 1049 3067 112,
1104 2979 1173 3048 1.
1230 2976 1404 3067 134,
1458 2977 1529 3048 8.
1588 2974 1764 3070 145,
1818 2977 1939 3047 20.
1994 2976 2169 3071 168,
2225 2978 2345 3047 11.
2401 2977 2578 3069 317,
2628 2976 2699 3047 4.
2756 2976 2932 3067 350,

699 3083 768 3156 7.
821 3082 997 3168 370,
1052 3080 1120 3154 2.
1173 3080 1347 3169 372,
1401 3081 1523 3154 20.
1576 3079 1753 3173 374,
1807 3081 1877 3152 8.
1951 3078 2128 3173 375,
2183 3080 2306 3155 27.
2379 3081 2556 3168 410,
2611 3080 2680 3151 0.
2751 3080 2930 3167 431,

696 3185 768 3256 6.
821 3182 1013 3278 545,
1067 3183 1189 3255 26.
1242 3182 1435 3274 560,
1489 3182 1612 3253 13.
1667 3181 1862 3272 575,
1914 3184 1985 3253 2.
2052 3184 2242 3278 583,
2297 3184 2367 3253 7.
2423 3181 2613 3272 652,
2667 3183 2736 3252 3.
2805 3184 2926 3254 20.

693 3289 870 3376 660,
920 3289 995 3360 0.
1047 3287 1225 3379 662,
1280 3287 1402 3360 28.
1456 3282 1631 3375 665,
1687 3289 1808 3361 21.
1862 3286 2040 3373 681,
2094 3288 2214 3360 20.
2268 3287 2443 3376 702,
2499 3287 2566 3360 3.
2620 3284 2795 3373 746,
2853 3287 2926 3362 7.

693 3394 872 3481 840,
926 3389 1046 3463 15.
1098 3391 1279 3479 861,
1333 3391 1454 3466 24.
1515 3391 1694 3479 017,
1747 3391 1867 3466 22.
1918 3391 2095 3480 074,
2149 3392 2270 3462 11.
2326 3391 2519 3478 087,
2575 3390 2645 3465 2.
2701 3391 2928 3479 1020,

697 3497 819 3571 17.
875 3492 1102 3585 1220,
1155 3494 1275 3564 24.
1330 3505 1401 3565 et
1426 3518 1583 3564 cum
1607 3498 1770 3594 ἐξῆν
1793 3521 1866 3591 Ρ.
1897 3492 2074 3589 745,
2105 3493 2225 3564 26.
2271 3520 2427 3565 cum
2455 3496 2604 3570 ἔδει
2631 3517 2706 3587 Ρ.
2746 3494 2934 3583 813,

695 3598 763 3669 3.
821 3598 1046 3694 1082,
1072 3598 1142 3673 6.
1197 3598 1423 3686 1313,
1475 3597 1597 3668 23.
1656 3599 1882 3688 1418,
1913 3600 2034 3669 10.
2087 3621 2397 3694 prooem.
2444 3607 2513 3669 et
2556 3621 2714 3667 cum
2753 3595 2925 3673 ἁπέ-

692 3730 869 3803 χρην
912 3726 988 3798 Ρ.
1019 3703 1196 3793 813,
1243 3702 1312 3775 4.
1380 3702 1476 3772 Et
1505 3726 1594 3773 ne
1633 3703 1853 3774 desint
1884 3706 2234 3797 exempla,
2279 3704 2350 3771 in
2380 3702 2622 3794 quibus
2655 3703 2926 3791 omissa,

691 3808 788 3876 uti
821 3807 1094 3896 debuit,
1147 3806 1479 3902 particula
1506 3815 1642 3896 est,
1696 3831 1836 3878 non
1878 3808 2178 3877 additam
2209 3807 2471 3876 videbis
2507 3805 2694 3899 apud
2728 3829 2923 3876 eum-

692 3911 852 3980 dem
908 3911 1003 3980 ad
1043 3912 1190 3986 ἔδει
1247 3934 1323 4004 Ρ.
1375 3907 1501 3999 51,
1553 3906 1625 3980 5.
1680 3910 1805 4002 00,
1859 3912 1929 3981 1.
1988 3906 2162 4000 145,
2217 3911 2338 3984 10.
2392 3906 2569 3998 582,
2621 3907 2693 3977 2.
2746 3909 2922 3997 740,

693 4014 815 4089 10.
847 4015 936 4084 ad
972 4014 1240 4111 ε’νῆνΡ.
1265 4011 1390 4104 52,
1419 4012 1489 4082 6.
1518 4011 1695 4102 354,
1725 4013 1846 4087 13.
1881 4013 2056 4102 370,
2102 4012 2170 4081 2.
2200 4013 2289 4082 ad
2328 4013 2588 4112 ἐξηνΡ.
2639 4009 2919 4100 33,11.

692 4114 866 4207 785,
899 4114 1020 4187 15.
1052 4117 1142 4186 ad
1183 4117 1397 4217 ἐχρῆν
1429 4142 1504 4210 Ρ.
1538 4113 1715 4206 055,
1748 4117 1868 4187 20.
1912 4113 2079 4186 ad
2032 4143 2121 4212 ην
2157 4141 2233 4209 Ρ.
2264 4115 2438 4205 230,
2470 4111 2592 4187 15.
2621 4064 2798 4203 260,
2847 4114 2918 4184 4.

690 4217 866 4308 355,
917 4220 989 4293 7.
1041 4219 1216 4309 370,
1270 4220 1393 4294 12.
1450 4217 1625 4308 305,
1680 4170 1749 4291 3.
1779 4217 1851 4290 5.
1905 4218 2079 4309 463,
2111 4219 2232 4289 24.
2279 4217 2508 4309 1016,
2532 4218 2654 4293 24.
2691 4216 2921 4308 1017,

689 4323 809 4395 21.
854 4325 972 4395 ubi
998 4325 1312 4417 plerique
1346 4326 1497 4394 libri
1523 4333 1712 4394 recte
1738 4326 2080 4406 omittunt3
2133 4324 2224 4392 ad
2256 4323 2605 4421 προςῆκεν
2631 4347 2707 4415 Ρ.
2742 4320 2919 4410 000,

686 4427 807 4500 24.
860 4428 1037 4516 048,
1091 4428 1214 4501 14.
1268 4428 1379 4496 Ex
1411 4438 1703 4520 utroque
1741 4452 1996 4524 genere
2026 4451 2252 4521 pauca
2297 4428 2466 4497 libet
2510 4425 2920 4498 adscribere.

682 4532 866 4602 Dicit
906 4531 1402 4604 Demosthenes
1455 4533 1545 4603 de
1588 4533 1733 4603 reb.
1783 4532 2116 4606 cherson.
2172 4556 2246 4624 p.
2295 4530 2420 4620 07,
2463 4528 2536 4599 8.
2584 4530 2705 4599 ubi
2751 4529 2922 4619 quid
