3259 5275
963 471 1131 566 141ss.
1180 502 1229 565 1.
1320 501 1518 563 cAP.
1565 504 1666 566 ιο.
1711 505 1812 567 11.
2125 585 2128 588 Α
2441 508 2528 573 57

302 695 475 764 dicta
506 701 694 781 sunt,
748 694 906 784 quia
935 695 1119 764 nulla
1151 703 1253 764 est
1294 694 1587 763 conditio
1618 717 1759 763 non
1793 694 2077 786 impleta
2103 696 2172 764 in
2203 697 2524 789 primaria

288 799 617 868 ,sententia
653 793 894 872 δεινόν
924 803 1143 872 ἐστιν.
1212 798 1371 867 Ηοο
1407 809 1630 867 autem
1660 801 1730 871 εἰ
1752 792 2201 896 παρειχόμην
2236 797 2355 890 ἄν,
2407 802 2524 871 ubi

298 925 431 972 non
465 910 655 970 recte
701 925 745 969 a
792 901 1117 982 Bekkero
1153 925 1308 970 cum
1349 901 1617 970 duobus
1663 900 1864 970 codd.
1914 904 2232 971 omissum
2264 912 2367 972 est
2407 904 2521 985 ἄν,

295 1015 664 1100 propterea
706 1004 959 1074 dictum
1008 1015 1111 1074 est
1126 1058 1146 1094 ,
1199 1006 1357 1096 qnia
1402 1005 1752 1099 duplicem
1795 1003 2006 1073 habet
2052 1005 2520 1079 conditionem.

298 1111 552 1180 Sensus
594 1109 707 1177 hic
758 1119 890 1179 est:
958 1111 1244 1178 malum'
1274 1131 1486 1200 vero,
1541 1111 1607 1180 εἰ
1655 1109 1877 1178 iidem
1923 1118 2145 1179 testes
2169 1131 2322 1202 pro
2375 1112 2525 1182 illis

300 1221 657 1284 testantes?
676 1210 856 1308 fide
885 1214 1102 1307 digni
1141 1222 1412 1295 essent,
1451 1236 1603 1307 pro
1654 1235 1769 1283 me
1811 1221 2056 1282 autem
2097 1215 2381 1283 nullam
2403 1215 2528 1312 fi-

301 1318 471 1387 dem
521 1314 919 1399 habebunt‚·
994 1327 1098 1404 et,
1163 1318 1227 1387 εἰ
1280 1318 1566 1388 omnino
1612 1339 1756 1386 non
1819 1313 2213 1413 affuissent
2282 1327 2527 1405 testes,

298 1445 440 1516 ego
491 1429 737 1490 autem
797 1420 1250 1491 exhibiturus
1285 1420 1642 1514 fiiseerm
1707 1421 1863 1510 vel,
1937 1422 2059 1513 qui
2110 1419 2527 1518 diffinissent,

299 1549 438 1595 non
486 1523 1002 1612 επήὶόιιὶεεεηι,
1056 1525 1191 1595 sed
1216 1525 1440 1610 alios,
1494 1526 1822 1619 ipsorum
1862 1524 2073 1593 dicta
2102 1528 2281 1619 plus
2298 1525 2524 1623 fidei,

303 1652 523 1723 quam
566 1628 708 1698 mei
756 1638 1012 1715 testeo,
1077 1627 1519 1699 habuissent.
1626 1629 1831 1699 Adde
1889 1629 2342 1699 conditionem
2391 1655 2529 1700 non

300 1732 647 1860 impletam
680 1734 1036 1862 principali
1076 1734 1479 1824 sententiae,
1535 1740 1602 1802 et
1639 1731 1898 1801 videbis
1928 1733 2020 1800 ita
2064 1734 2196 1803 dici
2237 1733 2525 1805 debere:

299 1836 547 1909 καίτοι
583 1831 821 1910 δεινόν
864 1836 956 1910 ἄν
988 1834 1114 1937 ἦν,
1169 1839 1240 1910 εἰ
1262 1844 1335 1910 οἱ
1370 1833 1586 1911 αὐτοὶ
1613 1830 1980 1963 μα’ρτυρες
2009 1830 2302 1920 τούτοις
2336 1865 2527 1935 μαρ-

300 1939 695 2063 τυροῦντες
735 1942 983 2014 πιστοὶ
1040 1938 1263 2038 ἦσαν,
1315 1940 1435 2015 καὶ
1491 1979 1580 1993 -
1644 1934 1930 2020 εἰκότως
1970 1946 2043 2013 οἱ
2085 1935 2368 2015 τούτων
2414 1937 2528 2016 λό-

299 2071 434 2164 γοι.
460 2037 892 2139 πιστότεροι
936 2042 1122 2142 ἦσαν
1169 2073 1315 2118 των
1362 2043 1556 2139 ἐμων
1603 2036 2020 2139 μαρτύρων.
2126 2045 2307 2114 Hinc
2346 2045 2528 2113 iudi-

301 2148 437 2214 cari
457 2146 711 2237 poterit
736 2146 826 2216 de
855 2149 1009 2217 loco
1038 2149 1514 2217 Demosthenis
1546 2146 1636 2215 de
1672 2169 1808 2213 cor.
1801 2170 1912 2270 p.
1947 2143 2119 2234 26⁰,
2168 2147 2237 2215 l.
2268 2148 2389 2220 καὶ
2423 2148 2533 2230 τίς

302 2246 431 2323 οὐκ
462 2249 557 2322 ἄν
598 2246 980 2326 ἀπέκτεινέ
1000 2281 1096 2345 με
1128 2250 1452 2342 δικαίως,
1507 2251 1580 2323 εἴ
1602 2277 1679 2322 τι
1725 2276 1872 2321 των
1915 2242 2393 2380 υπαρχόντων
2436 2252 2533 2350 τῇ

300 2346 514 2425 πόλει
581 2352 819 2428 καλῶν
895 2348 1080 2451 λόγω
1157 2350 1391 2448 μόνον
1477 2346 1990 2443 καταισχύνειν
2069 2352 2532 2453 ἐπεχείρησας

304 2455 529 2526 Codd.
565 2457 846 2547 qnidam
890 2457 1314 2554 ἐπεχείρησα
1356 2454 1469 2530 ἄν.
1576 2454 1722 2525 Sed
1761 2465 1947 2524 recte
1975 2458 2288 2525 omittunt
2316 2461 2534 2550 parti-

303 2559 529 2629 culam
552 2561 680 2627 -alii
714 2560 914 2630 codd.
950 2571 1019 2632 et
1056 2560 1456 2631 Plutarchus
1503 2583 1574 2654 p.
1618 2556 1792 2628 542.
1831 2560 1915 2631 A.
2019 2560 2293 2630 Tertius
2337 2560 2532 2631 deni-

304 2687 436 2756 que
460 2664 711 2733 modus
727 2716 750 2752 ‚
797 2689 940 2756 quo
980 2666 1077 2739 ἄν
1114 2665 1416 2754 additur,
1461 2665 1515 2733 is
1554 2673 1689 2752 est,
1742 2687 1954 2754 quum
1993 2665 2065 2733 in
2106 2665 2409 2736 oratione
2450 2691 2536 2738 ex

302 2769 617 2861 pluribus
657 2770 976 2838 membris
1038 2771 1446 2862 composita,
1511 2769 1884 2861 praecessit
1933 2770 2256 2838 sententia
2302 2793 2535 2841 carens

306 2870 695 2942 conditione
723 2894 861 2940 non
898 2873 1211 2966 impleta,
1260 2874 1420 2941 licet
1463 2871 1795 2940 eiusmodi
1824 2871 2119 2941 conditio
2149 2874 2218 2941 in
2263 2883 2537 2944 senten-

305 2973 394 3043 tia
433 2976 794 3067 principali
837 2977 1013 3044 insit.
1116 2978 1297 3045 Nam
1340 2998 1477 3043 non
1505 2984 1758 3067 posset·
1778 2976 2094 3068 intelligi,
2150 2976 2239 3044 de
2283 2999 2365 3046 re
2399 2999 2538 3047 non

307 3102 504 3166 vera,
557 3078 682 3147 sed
724 3080 1020 3172 cogitata
1065 3101 1445 3149 sermonem
1493 3102 1672 3165 esse,
1744 3077 1800 3147 εἰ
1851 3078 2334 3171 pfaecedentia
2390 3104 2538 3149 rem

309 3183 565 3251 factam
615 3183 975 3252 continent.
1079 3183 1451 3253 Aeschines
1492 3204 1551 3253 c.
1595 3182 1942 3256 Timarch
1975 3207 2046 3274 p
2089 3182 2266 3251 1⁰7.
2319 3181 2547 3311 (3²9⁰,

311 3281 380 3382 §.
425 3283 552 3357 85.
587 3285 849 3379 Bekk.)
904 3282 1168 3360 οὐκοῦν
1211 3284 1493 3360 ἄτοπον
1534 3283 1626 3356 ἄν
1668 3287 1822 3381 εἴη,
1878 3312 1931 3357 ω
1976 3281 2418 3407 Ἀθηναῖοι,
2475 3290 2547 3361 εἰ

314 3389 532 3486 μηδὲν
575 3387 713 3481 μὲν
756 3388 942 3481 ἐμοῦ
951 3392 1356 3514 λέγοντοςῖ.
1420 3383 1635 3460 αὐτοὶ
1672 3387 1905 3482 βοᾶτε
1941 3415 2076 3485 την
2124 3387 2540 3483 ἐπωνυμίαν

316 3492 457 3564 τῶν
490 3492 720 3589 ἔργων
750 3520 849 3565 ων
884 3486 1173 3566 σύνιστε
1196 3485 1480 3587 τούτῳ,
1528 3490 1716 3585 ἐμοῦ
1744 3491 1821 3564 δὲ
1851 3493 2194 3585 λέγοντος
2213 3494 2542 3616 ἐπιλέλη-

320 3602 490 3668 σθε·
546 3622 668 3666 και
714 3621 817 3691 μη
870 3598 1349 3720 γενομένηςμ
1296 3595 1434 3687 μὲν
1467 3595 1759 3692 κρίσεως
1798 3594 1967 3692 περὶ
2021 3594 2161 3667 τοῦ
2202 3621 2545 3693 πραγμα-

319 3724 464 3787 τος,
518 3694 667 3792 ἥλω
703 3726 824 3787 αν,
877 3692 1260 3792 γεγονότος
1295 3698 1373 3772 δὲ
1403 3699 1694 3792 ελέγχου
1728 3690 2262 3793 α’ποφεύξεταις
2309 3700 2542 3791 Aper-

318 3810 458 3868 tum
501 3808 639 3888 est,
691 3802 745 3869 εἰ
781 3801 894 3870 hic
941 3803 1210 3872 abesset
1261 3799 1353 3875 ἄν
1367 3857 1396 3892 ,
1450 3825 1718 3872 sensnm
1753 3802 1941 3890 fore,
1993 3801 2061 3871 εἰ
2106 3801 2227 3872 hic
2269 3825 2545 3874 caussa

324 3903 622 3994 cecidit,
674 3927 845 3995 non,
897 3905 965 3976 εἰ
992 3906 1400 3980 cecidisset.

564 4264 699 4336 De
742 4264 1086 4338 omissa
1123 4266 1649 4362 particula
1700 4267 1808 4341 ἂν
1859 4265 2301 4336 universe.

524 4419 602 4486 ln
632 4421 972 4489 communi
1001 4422 1402 4513 scriptorum
1428 4444 1550 4490 usu
1581 4421 1796 4490 multo
1827 4419 2094 4511 saepius
2131 4417 2372 4483 omissa
2388 4437 2552 4507 par-

332 4518 526 4591 ticula
556 4523 650 4596 ἄν
692 4524 1177 4595 dubitationem
1206 4527 1518 4595 excitavit
1544 4527 1701 4599 viris
1741 4524 1983 4609 doctiS,
2037 4540 2241 4612 quam
2271 4519 2556 4603 adiecta,
