3259 5275
745 495 875 559 ³4⁰
1044 486 1339 551 SEPTEM
1375 483 1675 547 APERTA
1707 481 2017 546 OPERTA
2048 481 2159 594 ἈΒ
2196 480 2681 546 AEscnYLvM.

752 681 833 749 In
861 679 968 749 his
1006 669 1516 753 λευκόστικτον
1549 698 1590 743 e
1618 672 1953 768 Stephani
1998 671 2292 743 editione
2336 672 2666 761 manavit,
2724 695 2957 742 secure

751 788 822 853 in
865 805 948 852 ea
978 782 1310 874 scriptura
1339 778 1919 868 acquiescentibus
1955 777 2301 870 plerisque
2349 776 2741 846 doctorum:
2784 799 2957 867 quo-

748 910 900 957 rum
930 908 1084 971 eos,
1135 883 1253 974 qui
1285 891 1447 975 post
1465 882 1840 950 accuratius
1867 881 2208 974 cognitam
2238 903 2386 950 rem
2430 880 2781 950 metricam
2817 883 2954 948 Ae-

749 990 1060 1082 schylum
1103 988 1473 1079 attigerunt
1497 985 1723 1052 velex
1753 985 2045 1053 numeris
2081 985 2530 1077 suspicionem
2557 983 2697 1052 vitii
2731 983 2962 1052 conei-

749 1115 919 1187 pere
970 1088 1367 1183 oportebat,
1429 1109 1641 1178 quum
1699 1088 1815 1178 qui
1865 1087 2026 1157 huic
2080 1086 2450 1212 respondet
2505 1108 2735 1156 versus
2785 1083 2957 1155 367.

750 1196 860 1266 his
888 1194 1113 1265 verbis
1142 1191 1447 1286 incipiat,
1497 1184 2031 1286 ποτιτρόπαιον
2075 1184 2494 1284 αἰδόμενοςε
2552 1211 2789 1259 omnes
2838 1212 2962 1259 au-

750 1310 926 1388 tem,
979 1298 1034 1367 si
1075 1289 1353 1388 quidem
1382 1292 1799 1385 Aeschylum
1835 1293 2181 1387 cognitum
2215 1294 2575 1382 haberent,
2626 1294 2963 1363 vocabulo

755 1400 1168 1472 commoveri
1211 1398 1501 1468 decebat
1539 1417 1876 1489 perquam
1926 1397 2177 1491 inepto.
2281 1396 2472 1483 Quid
2515 1397 2740 1467 enim?
2803 1419 2964 1466 num

755 1505 922 1575 albis
967 1503 1322 1572 distinctae
1367 1500 1646 1570 maculis
1688 1524 1938 1569 vaccae
1983 1502 2198 1595 magis
2224 1523 2434 1591 quam
2460 1525 2638 1592 quae
2679 1502 2813 1570 alio
2845 1523 2964 1569 co-

755 1611 902 1679 lore
949 1618 1101 1676 sunt
1139 1630 1181 1674 a
1224 1606 1492 1698 pascuis
1539 1602 1627 1672 ad
1674 1603 1850 1672 invia
1898 1602 2374 1697 devagantur?
2451 1604 2611 1673 Non
2653 1612 2966 1697 potuerat

753 1711 1068 1805 profecto
1112 1709 1403 1779 inutilius
1447 1717 1658 1800 poeta
1702 1715 1905 1801 atque
1970 1707 2243 1777 inertius
2287 1730 2546 1800 ponere
2591 1707 2962 1803 epitheton.

756 1817 943 1885 Vnus
1003 1821 1262 1882 nutum
1321 1810 1741 1892 criticorum,
1806 1811 2197 1881 temerarius
2249 1811 2364 1880 ille
2428 1810 2708 1902 quidem
2762 1834 2966 1903 supra

755 1917 1073 2001 modum,
1151 1914 1276 1985 sed
1340 1935 1551 2007 sagax
1615 1921 1846 1982 tamen
1898 1922 1968 1983 et
2030 1935 2166 1983 non
2233 1913 2497 1984 hebetis
2558 1915 2659 1984 vir
2721 1913 2964 1999 iudicii,

758 2020 1098 2113 Georgius
1143 2018 1514 2111 Burgesius
1527 2068 1549 2099 ‚
1603 2025 1858 2085 rectam
1906 2025 2009 2086 est
2042 2018 2184 2087 veri
2227 2018 2606 2087 inveniendi
2646 2019 2824 2086 viam
2861 2018 2963 2086 in-

755 2146 1057 2217 gressus,
1102 2142 1509 2213 quamquam
1550 2120 1771 2214 ipsam
1803 2121 2072 2210 assequi
2103 2122 2452 2191 veritatem
2480 2121 2798 2211 nequivit.
2901 2121 2964 2188 Is

758 2221 942 2320 λύκῳ
984 2218 1286 2320 δερκτὸν
1330 2223 1613 2317 scripsit.
1732 2226 1827 2292 At
1870 2224 1975 2293 cui
2018 2223 2295 2294 tandem
2331 2234 2402 2295 et
2438 2224 2769 2294 librorum
2811 2233 2964 2293 ante

758 2329 1188 2422 Stephanum
1251 2327 1549 2396 omnium
1606 2325 2008 2419 scripturam
2057 2320 2517 2402 λευκόδικτον
2567 2329 2851 2397 intuenti
2899 2336 2965 2396 et

759 2432 1157 2502 scholiastae
1203 2430 1455 2524 legenti
1498 2429 2038 2520 adnotationem,
2089 2430 2200 2525 τῷ·
2226 2429 2487 2528 ἑαυτῆς
2516 2430 2788 2529 βοτῆρι
2831 2456 2964 2527 οη-

744 2535 1126 2627 ,μαίνουσα
1174 2526 1348 2614 τους
1399 2526 1795 2627 διωγμούς,
1860 2533 2223 2603 obscurum
2264 2557 2412 2604 esse
2468 2542 2731 2627 potest,
2797 2534 2966 2606 scri-

756 2640 971 2732 psisse
1003 2635 1456 2730 Aeschylum.

1068 2793 1175 2863 ἴδε
1225 2815 1324 2882 με
1371 2781 1514 2861 τοῖν
1566 2792 1794 2864 ἱκέτιν
1846 2785 2134 2885 φυγάδα
2179 2790 2662 2889 περίδρομον,

1064 2891 1545 2966 λυκοδίωκτον
1595 2920 1689 2974 ως
1739 2885 2058 2985 δάμαλιν
2101 2921 2209 2987 αμ
2258 2895 2558 2991 πέτραις

1067 2989 1492 3093 ἠλιβατοις,
1546 3001 1616 3067 ἵν
1625 2990 1866 3092 οἷλκᾷ
1915 2994 2207 3076 πίσυνος
2254 2996 2503 3090 μέμυ-

1069 3126 1161 3170 us
1198 3100 1242 3150 *
1269 3099 1313 3149 *
1343 3098 1387 3149 *
1415 3096 1458 3149 *
1486 3094 1531 3146 *
1583 3069 1959 3195 φράζουσα
2012 3098 2283 3197 βοτῆρι
2331 3093 2680 3194 μόχθους·

760 3253 906 3323 Sed
950 3252 1168 3322 nullus
1216 3250 1553 3322 editorum
1606 3250 1791 3325 vidit.
