3259 5275
731 523 858 587 102
1396 517 1511 577 DE
1574 513 2124 579 PARTlchA
2168 511 2265 580 ἂν

734 711 932 779 etiam
961 710 1032 777 iu
1058 708 1199 776 aliis
1230 707 1429 795 lociS,
1480 715 1556 775 ut
1583 708 1652 775 in
1682 707 1818 776 hoc
1850 708 2188 777 Herodoti
2213 696 2392 779 VIII.
2427 704 2547 775 18.
2599 706 2718 775 ubi
2742 707 2938 775 inter-

671 882 676 895 ,
734 813 1001 905 roganti
1041 812 1191 903 regi
1205 861 1225 898 ‚
1277 834 1366 878 an
1403 811 1629 899 aliqua
1665 812 1890 879 salutis
1935 811 2045 879 via
2077 810 2336 901 reliqua
2369 811 2487 894 sit,
2539 810 2942 903 gubernator

733 916 921 985 navis
965 913 1396 1006 respondisse
1443 913 1720 982 dieiturt
1775 916 2132 1002 δέσποτα,
2193 909 2321 986 οὐκ
2367 913 2566 986 ἔστιν
2617 909 2942 1006 οὐδεμία,

739 1021 809 1091 εἰ
843 1012 950 1113 μή
981 1019 1299 1090 τουτέων
1337 1011 1717 1112 ἀπαλλαγή
1742 1045 1854 1098 τις
1889 1017 2186 1113 γένηται
2212 1015 2358 1088 τῶν
2386 1016 2669 1088 πολλῶν
2702 1020 2942 1108 ἐπιβα-

738 1121 938 1193 τέων.
1021 1118 1278 1190 Omnes
1305 1119 1418 1187 hic
1449 1120 1603 1187 iibri
1630 1129 1900 1188 tuentur
1928 1120 2012 1191 εἰ.
2095 1120 2271 1187 Nam
2298 1118 2414 1185 hic
2442 1140 2716 1221 quoque
2743 1119 2947 1187 maior

741 1221 1076 1313 quaedam
1117 1224 1214 1292 vis
1264 1223 1660 1311 requiritur,
1728 1245 1931 1313 quam
1975 1244 2149 1312 quae
2196 1231 2296 1290 est
2345 1222 2418 1289 iu
2458 1222 2792 1313 particula
2831 1221 2948 1313 ἦτε

738 1326 912 1413 nisi,
966 1326 1154 1416 quod
1185 1325 1722 1413 vereordicere,
1775 1325 1922 1393 Ιιαο
1958 1334 2332 1394 vectorum
2362 1325 2824 1395 multitudine
2862 1324 2947 1393 11-

742 1428 1099 1502 beremur.
1207 1430 1542 1496 Accurate
1584 1428 1874 1497 distinxit
1918 1428 2259 1496 Lucianus
2294 1427 2946 1502 Dial.meretr.V11.

611 1608 619 1613 ,
745 1533 811 1602 1.
865 1532 1103 1604 T.111.
1159 1555 1232 1623 p.
1270 1530 1442 1618 296,
1478 1530 1600 1605 73.
1657 1525 1844 1604 ἄλλα
1880 1525 2280 1626 προφάσεις
2311 1526 2460 1616 dei,
2510 1530 2630 1603 καὶ
2661 1529 2950 1620 ὕποσχέ·

742 1660 925 1719 σεις,
976 1634 1094 1707 καὶ
1123 1634 1399 1730 μακραὶ
1428 1635 1735 1723 ἐλπίδες,
1787 1632 1907 1706 καὶ
1931 1632 2117 1706 πολι)
2152 1659 2242 1706 το
2299 1627 2454 1705 ἑαν
2507 1632 2548 1706 6
2601 1629 2848 1727 πατή
2869 1659 2949 1727 ρ,

739 1767 860 1811 και
893 1766 974 1813 ει
1017 1731 1329 1831 κύριος
1377 1740 1787 1829 γένωμαι
1822 1737 1999 1808 τῶν
2034 1729 2526 1829 πατρῴων,
2579 1739 2699 1809 καί
2735 1730 2952 1809 ποίν-

740 1869 785 1910 τ
804 1870 853 1911 α
907 1868 950 1913 σ
964 1835 1034 1911 α’.
1113 1839 1496 1907 Fortuitum
1534 1849 1639 1907 est
1666 1840 1841 1907 enim
1856 1886 1877 1921 ,
1931 1837 2202 1927 quando
2235 1837 2318 1905 sit
2345 1851 2541 1930 pater
2569 1840 2953 1921 moriturus,

737 1943 906 2010 illud
952 1952 1177 2010 autem
1217 1953 1294 2009 ut
1340 1953 1598 2010 certum
1648 1941 1938 2010 ostendit
1983 1941 2410 2026 adolescens,
2480 1942 2843 2032 aliquando
2885 1967 2954 2010 se

739 2048 951 2137 patris
1003 2045 1183 2114 bona
1226 2068 1712 2136 possessurum.
1820 2044 2009 2112 Male
2044 2043 2141 2112 ibi
2181 2043 2457 2113 Belinus
2502 2045 2590 2113 de
2629 2045 2831 2113 Banu
2871 2044 2953 2141 ἢν

739 2172 869 2270 pro
902 2151 971 2221 εἰ
994 2149 1232 2242 reponi
1250 2150 1485 2217 vvoluit
1596 2147 1864 2215 Eadem
1910 2148 2080 2216 ratio
2112 2146 2377 2214 videtur
2407 2171 2554 2216 esse
2583 2148 2780 2217 huius
2808 2150 2954 2227 loci,

738 2254 809 2320 in
830 2252 1172 2320 Piscatore
1205 2249 1324 2320 22.
1359 2251 1445 2321 T.
1474 2252 1525 2318 1.
1586 2274 1661 2372 p.
1703 2248 1879 2337 592,
1928 2248 2049 2322 16.
2088 2276 2223 2321 καν
2262 2276 2376 2321 σοι
2414 2251 2621 2344 δοκῇ,
2675 2245 2953 2323 κάκεῖνό

740 2381 887 2427 που
921 2349 1392 2449 παράβυσον,
1449 2350 1538 2433 οἷς
1571 2350 1612 2425 6
1642 2355 1865 2446 μέγας
1895 2347 2075 2433 Ζευς
2103 2345 2373 2475 πτηνόν
2402 2351 2605 2472 ἅρμα
2643 2350 2953 2428 ἐλαύνων
2993 2440 3000 2450 .

738 2450 1307 2552 ἀγανακτήσειεν
1340 2482 1478 2542 αν,
1533 2457 1604 2527 εἰ
1631 2449 1741 2551 μή
1781 2451 1991 2537 οὗτος
2021 2448 2298 2551 ὑπόσχῃ
2336 2449 2474 2551 τήν
2507 2454 2725 2555 δίκην.
2829 2456 2953 2525 Vbi

741 2560 864 2627 etsi
894 2559 1094 2627 etiam
1139 2558 1472 2651 optativus
1502 2558 1669 2650 poni
1695 2558 1947 2651 potuit,
1999 2566 2224 2625 tamen
2255 2558 2476 2649 aptior
2505 2560 2952 2630 coniunctivae

740 2661 1038 2748 videtur,
1091 2673 1298 2751 quum
1324 2672 1502 2729 totus
1532 2662 1844 2754 dialogus
1876 2661 1968 2730 ad
1997 2662 2359 2729 vindictam
2389 2663 2785 2731 sumendam
2811 2675 2956 2733 ten-

742 2765 877 2834 dat.
981 2765 1306 2834 Distincte
1340 2765 1761 2833 coniunctivo
1797 2789 1949 2834 usus
1990 2775 2091 2834 est
2121 2764 2502 2858 Alciphron
2536 2767 2651 2834 111.
2688 2766 2809 2836 21.
2846 2767 2955 2835 ubi

739 2868 1014 2956 mulier,
1069 2868 1401 2961 capellam
1431 2869 1847 2961 negligentia
1877 2869 2161 2961 caprarii
2202 2893 2244 2936 a
2284 2868 2449 2961 lupo
2485 2881 2752 2962 raptam
2794 2871 2955 2939 scri·

738 2974 947 3058 bens,
1001 2971 1228 3040 addit:
1283 2972 1644 3043 πέπυσται
1700 2973 1777 3046 δὲ
1823 2968 2032 3047 οὐδὲν
2075 2965 2361 3045 τούτων
2411 2969 2454 3044 6
2497 2967 2722 3070 ανήρ·
2777 2975 2849 3048 εἰ
2884 2972 2957 3046 δὲ

736 3070 994 3171 poi-9²7,
1043 3068 1484 3194 κρεμήσεται
1516 3075 1655 3168 μὲν
1699 3080 1774 3148 ἐκ
1814 3076 1940 3173 τῆς
1978 3072 2275 3199 πλησίον
2306 3073 2557 3157 πίτυος
2602 3075 2644 3149 6
2675 3084 2954 3171 μισθω-

740 3172 901 3266 τός,
958 3171 1179 3257 αὑτός
1211 3177 1288 3249 δὲ
1322 3172 1410 3248 ου’
1452 3171 1816 3271 πρότερον
1858 3171 2108 3273 οἱνῆσει
2146 3170 2390 3249 πάντα
2416 3174 2954 3274 μηχανώμενος

740 3308 908 3374 πριν
951 3307 1081 3361 τας
1130 3271 1335 3374 παροῖ
1376 3283 1514 3351 τοῦ
1553 3273 1771 3352 λύκου
1805 3280 1998 3361 δίκας
2031 3273 2568 3368 είςπροῖξασθαι.
2674 3283 2771 3350 Et
2809 3282 2952 3373 epi-

738 3384 912 3451 stola
942 3381 1061 3451 31.
1106 3383 1222 3450 ubi
1268 3382 1508 3450 mulier
1540 3383 1760 3467 urbiS,
1812 3405 2016 3473 quam
2047 3381 2349 3450 nondum
2386 3383 2687 3470 viderat,
2739 3384 2956 3452 visen-

739 3486 871 3554 dae
909 3484 1153 3576 cupida
1183 3486 1446 3553 scribit.
1504 3488 1573 3557 εἰ
1595 3480 1723 3556 οὖν
1765 3511 1880 3556 σοι
1921 3478 2291 3581 πρόφασις
2318 3483 2498 3559 ὁδοῦ
2533 3485 2800 3560 αστυδε
2832 3488 2955 3581 γέ·-

738 3615 989 3687 νηται,
1045 3583 1167 3682 ἧκε
1201 3581 1493 3670 α’ποῖξων
1524 3588 1654 3659 νῦν
1681 3583 1886 3679 κάμέ.
1991 3587 2220 3656 Minus
2262 3588 2510 3682 cupide
2546 3589 2953 3679 loqueretur,

737 3691 792 3759 si
842 3689 931 3786 ἢν
978 3690 1346 3780 posuisset,
1400 3711 1463 3758 ει
1448 3688 1736 3782 ‘ism-te
1819 3691 2056 3778 Nunc,
2111 3714 2319 3780 quum
2364 3695 2435 3765 εἰ
2467 3691 2669 3780 dixit,
2707 3691 2952 3761 fortius
3052 3717 3061 3723 ·

736 3801 969 3885 rogat,
1021 3791 1087 3861 εἰ
1122 3801 1563 3885 praetextus
1615 3802 1955 3888 repertus
1976 3791 2257 3887 suerit.-
2310 3794 2542 3864 metuit
2592 3795 2767 3864 enim
2784 3846 2805 3883 ‚
2869 3817 2953 3863 ne

736 3895 1226 3988 praetermittat
1252 3896 1365 3964 iile
1402 3896 1697 3986 aliquam
1729 3898 2318 3990 opportunitatem.
2390 3898 2619 3992 Saepe
2648 3901 2764 3981 sic,
2808 3922 2945 3967 ma

736 4000 912 4067 xime
956 4021 1068 4090 ap.
1112 3999 1583 4084 Aristotelem,
1637 4002 1707 4071 εἰ
1742 4022 2152 4094 praegresso
2203 4029 2336 4090 αν,
2382 4011 2458 4069 ut
2499 4002 2588 4070 de
2632 3993 2843 4073 somn.
2889 4010 2953 4070 et

736 4102 919 4195 vigil.
972 4124 1045 4192 Ρ.
1092 4097 1266 4169 685.
1318 4103 1405 4173 Α.
1461 4130 1596 4173 καν
1640 4105 1711 4174 εἰ
1753 4104 1983 4176 τοῦτο
2036 4105 2351 4200 γένηται.
2400 4104 2489 4173 de
2528 4107 2712 4197 Rep.
2761 4102 2951 4175 11.l.

735 4221 808 4297 p.
844 4204 1014 4272 312.
1050 4204 1131 4274 C.
1186 4203 1319 4277 κᾶν
1349 4206 1424 4276 εἴ
1444 4231 1634 4285 τινες
1666 4210 1912 4302 ἕτεραι
1946 4201 2392 4300 τυγχάνωσιν
2427 4201 2577 4281 ιῖπό
2603 4235 2824 4283 τινων
2856 4209 2950 4279 εἰ·

735 4308 1064 4405 ρημέναι.
1119 4306 1204 4376 11.
1256 4304 1322 4375 2.
1361 4330 1430 4398 Ρ.
1461 4306 1636 4381 313.
1689 4307 1772 4381 C.
1817 4306 2042 4403 ὥςπερ
2088 4309 2182 4381 ἄν
2227 4311 2298 4383 εἰ
2331 4304 2667 4405 σταθμδς
2706 4314 2954 4384 πλεῖον

733 4405 1005 4506 ἑλκύσῃ.
