3259 5275
779 530 942 595 15⁰2
1461 519 1580 580 DE
1643 516 2192 582 PARTICVLA
2236 513 2334 584 ἄν

787 720 858 798 ἐς
904 705 1214 806 Σιίμον,
1267 703 1604 782 ιιοῖιιεῖθεν
1643 705 1780 806 ἤδη
1823 702 2353 804 ευναγαγόντας
2393 700 2628 789 ποίσας
2660 733 2793 788 τας
2813 708 3006 790 ναῦς,
3082 772 3091 781 .

787 842 964 897 τους
1006 811 1383 900 ἐπίπλους,
1435 809 1526 905 ἥν
1557 838 1702 885 που
1729 838 1982 904 ιιαιρος
2017 814 2176 910 εἴη,
2228 816 2642 886 ποιεῖσθαι·
2687 811 2813 880 etsi
2838 835 3010 904 pro-

788 928 1034 1015 ptero
989 915 1363 986 orationem
1397 915 1745 1006 obliquam
1788 916 1950 984 ferri
1979 926 2211 1008 potest
2250 912 2623 1009 optativus,
2677 937 2886 1005 quem
2924 916 3016 985 sie

790 1021 1097 1093 defendit
1122 1020 1375 1112 Poppo
1403 1019 1539 1087 vol.
1571 1019 1626 1087 1.
1670 1043 1741 1112 p.
1771 1019 1944 1088 144.
1993 1029 2265 1108 tamen,
2315 1019 2441 1088 nisi
2483 1019 2760 1112 gravior
2797 1019 3020 1110 aliqua

792 1148 1028 1196 caussa
1053 1121 1359 1209 accedat,
1410 1121 1905 1191 coniunctivum
1935 1121 2335 1215 praeferre
2315 1144 2384 1191 ιιι
2410 1122 2531 1191 tali
2561 1120 3020 1192 additamento

792 1251 1002 1322 quum
1036 1226 1168 1309 alii,
1218 1232 1366 1295 tum
1394 1223 1843 1316 Thucydides
1877 1234 2382 1313 consueverunt,
2420 1227 2593 1295 sicut
2628 1227 2699 1294 in
2720 1226 2837 1295 illo
2866 1228 3021 1319 ipso

795 1334 1019 1425 capite
1064 1330 1297 1424 paullo
1352 1329 1658 1422 superins
1700 1328 1790 1427 ἢν
1838 1326 2205 1423 ἡσσηθῶσι
2254 1329 2503 1422 posuit.
2610 1328 2847 1420 Itaque
2888 1326 2937 1426 ᾖ
2983 1352 3023 1399 e

796 1436 952 1505 cod.
980 1434 1135 1507 Vat.
1177 1432 1404 1502 nescio
1438 1455 1528 1500 an
1553 1442 1740 1502 recte
1770 1432 2035 1502 dederit
2060 1432 2437 1502 Bekkerus.
2539 1434 2786 1523 Neque
2835 1432 3024 1526 apud

794 1536 1324 1631 Xenophontem
1348 1534 1764 1629 Cyrop.1V.
1801 1535 1873 1625 2,
1911 1534 1981 1606 6.
2033 1547 2220 1605 recte
2250 1537 2391 1629 legi
2416 1544 2587 1629 puto
2621 1543 2702 1609 οὶ
2732 1537 2809 1609 δὲ
2842 1533 3024 1613 εἷπε-,-

796 1641 1171 1765 κρίναντο,
1223 1636 1345 1713 ὅτι
1374 1666 1507 1711 ιιαν
1540 1637 1803 1736 αὔριον
1835 1644 2067 1714 ἕωθεν
2099 1636 2394 1726 εὔζωνοι
2426 1631 2863 1732 πορεύοιντο
2893 1665 3024 1711 ιια-

799 1737 1299 1841 ταλήψοιντο·
1350 1741 1469 1809 ubi
1512 1740 1742 1815 Guelf.
1791 1752 1861 1812 et
1899 1742 2052 1811 Par.
2100 1740 2221 1815 ιιαί
2270 1741 2382 1841 ἧν.
2487 1742 2626 1828 Qui
2680 1743 2870 1811 locus
2923 1752 3025 1811 est

800 1847 1132 1918 eiusmodi
1147 1896 1168 1934 ‚
1210 1854 1287 1914 ιιι
1324 1844 1696 1937 permirum
1741 1846 1859 1932 sit,
1906 1847 1976 1914 ni
2015 1869 2252 1916 verum
2289 1847 2374 1916 sit
2412 1846 2911 1915 usitatissimum
2937 1847 3023 1914 il-

797 1950 921 2021 lud
986 1977 1118 2022 καν
1179 1945 1442 2045 αὔριον
1498 1949 1571 2021 εἰ
1626 1955 1861 2024 ἕωθεν
1924 1947 2221 2038 εὔζωνοι
2275 1943 2755 2045 πορεύοιντο,
2836 1948 3025 2042 quod

798 2051 1255 2126 Schneiderus
1306 2051 1977 2125 coniecit.me
2022 2052 2078 2122 si
2127 2052 2596 2144 quibusdam
2575 2076 2647 2120 ιιι
2700 2052 3026 2145 exemplis

798 2181 937 2229 non
965 2164 1154 2226 recte
1181 2156 1520 2247 optativus
1551 2155 1782 2226 locum
1814 2164 1998 2225 tenet
2032 2156 2466 2241 coniunctivi,
2514 2156 2585 2224 in
2627 2156 2769 2257 aliis
2797 2166 3027 2225 tamen

801 2262 912 2331 vel
942 2269 1177 2351 aperte
1208 2267 1531 2351 praestat,
1582 2260 1692 2328 vel
1720 2260 1958 2329 saltem
1985 2258 2360 2329 offensione
2389 2267 2595 2333 earet.
2683 2258 2803 2329 Sic
2839 2258 3029 2352 apud

799 2362 1378 2457 Xenophontem
1359 2383 1430 2430 ιιι
1472 2360 1818 2455 Cyrop.1.
1852 2362 1925 2451 8,
1964 2361 2086 2431 22.
2125 2363 2247 2436 καὶ
2285 2391 2351 2437 ει
2338 2356 2472 2459 ’Oq‘
2500 2360 2784 2444 πείσαις
2808 2367 3029 2437 ἔπαι-

805 2472 959 2541 νεῖν
986 2466 1075 2540 τέ
1098 2492 1177 2538 σε
1211 2458 1555 2554 πολλούς,
1608 2462 1797 2546 ὅπως
1840 2461 2059 2549 δόξαν
2093 2459 2383 2560 λα’βοις,
2435 2493 2555 2539 και
2585 2460 3030 2547 κατασκευοίς

802 2560 1024 2652 ιιαλας
1080 2562 1204 2665 ἐφ’
1272 2560 1548 2663 ἑκαστῳ
1609 2563 1851 2643 αὐτῶν
1908 2562 2260 2668 κτήσαιο,
2313 2567 2486 2668 ἄρτι
2534 2592 2619 2643 τε
2671 2572 3029 2667 ἐξηπατη-

805 2698 937 2754 nme
984 2673 1124 2771 εἴης
1160 2698 1294 2757 αν,
1344 2669 1463 2743 καὶ
1509 2668 1722 2766 ὀλίγῳ
1761 2669 2108 2769 ὕστερον,
2163 2669 2351 2746 ὅπου
2396 2700 2488 2745 αν
2520 2678 2781 2769 πεῖραν
2816 2671 3028 2771 δοίης,

805 2772 1415 2873 ὃὲεληλεχμένος
1364 2801 1456 2847 αν
1489 2775 1781 2872 προςέτι
1810 2774 1929 2847 καί
1968 2768 2245 2862 οίλοῖζων
2284 2772 2605 2871 φαίνοιο.
2659 2774 2888 2861 Quem
2918 2777 3028 2844 lo-

806 2901 964 2949 cum
1013 2900 1153 2947 non
1196 2885 1383 2946 recte
1424 2877 1900 2969 interpretatus
1951 2888 2054 2948 est
2089 2879 2430 2971 Reisig-nus
2469 2901 2545 2970 Ρ.
2594 2876 2770 2953 111.
2876 2880 3031 2948 Nee

804 2981 996 3075 quod
1022 2982 1136 3050 ille
1172 2987 1401 3072 putat,
1441 2980 1576 3049 dici
1612 2981 1727 3049 hic
1775 2983 1997 3075 Ροιιιίι
2038 2984 2109 3054 εἰ
2139 2987 2399 3078 πεῖραν
2426 2981 2518 3053 ἄν
2552 2977 2769 3078 δοίης.
2872 2982 3033 3051 Alio

800 3085 1011 3156 modo
1042 3084 1287 3155 erravit
1315 3083 1774 3174 HeindorfiuS,
1826 3086 1962 3176 qui,
2010 3084 2137 3154 nisi
2166 3113 2258 3157 αν
2290 3085 2650 3170 deleretur,
2699 3082 2835 3181 δῷς
2861 3085 3033 3154 scti-

657 3221 662 3226 ·
801 3188 1106 3259 bendum
1134 3188 1407 3257 censuit.
1460 3188 1601 3258 At
1582 3211 1650 3256 ιιι
1677 3212 1753 3257 re
1782 3189 1942 3256 ficta
1970 3198 2040 3257 et
2059 3189 2333 3258 nonnisi
2361 3186 2731 3282 cogitando
2760 3199 3035 3283 sumpta

807 3291 996 3366 ὅπου
1032 3290 1083 3367 ἂ
1088 3319 1124 3366 ν
1161 3290 1324 3386 δῷς,
1376 3290 1562 3382 quod
1605 3291 1696 3359 ad
1729 3292 2206 3383 experientiam
2245 3292 2572 3379 refertur,
2622 3292 2852 3361 locum
2894 3316 3034 3362 non

801 3395 1030 3466 habet.
1131 3398 1318 3487 Apte
1367 3393 1569 3463 affert
1615 3396 1711 3463 ibi
1749 3396 2003 3488 Poppo
2051 3393 2268 3465 Mem.
2301 3396 2375 3466 S.
2423 3343 2702 3484 1.2’‚6.
2753 3422 2929 3478 τους
2954 3395 3035 3470 δὲ

805 3491 1318 3621 λαμβοῖνοντας
1338 3497 1467 3594 τῆς
1495 3494 1785 3589 ομιλίας
1815 3490 2097 3591 μισθον
2103 3491 2718 3618 α’νδραποδιστας
2745 3498 3031 3572 ἑαυτων

807 3594 1194 3689 α’πειιοὶλει,
1267 3593 1393 3674 oui
1448 3627 1538 3674 το
1588 3598 1984 3695 οἷναγιιαῖον
2024 3596 2277 3685 αὐτοῖς
2325 3598 2515 3676 εἶναι
2556 3602 3031 3694 διαλέγεσθαι

806 3699 990 3799 παρ’
1023 3698 1120 3775 ὦν
1161 3728 1254 3773 αν
1291 3695 1588 3824 λαβοιεν
1617 3731 1754 3776 τον
1786 3697 2088 3796 μισθόν.
2200 3705 2256 3774 Ι.
2295 3727 2355 3774 e.
2392 3729 2528 3775 non
2564 3704 2659 3773 iis
2689 3727 2741 3773 a
2772 3703 3032 3798 quibus

808 3804 1271 3899 accepissent
1305 3807 1721 3901 pecuniam,
1772 3817 1847 3876 ιιι
1874 3807 1930 3876 si
1956 3806 2287 3877 omisisset
2314 3807 2426 3888 ἄν,
2479 3807 2606 3878 sed
2640 3831 2692 3877 a
2733 3807 3031 3901 qmbus-

807 3930 1118 4003 cumque
1135 3910 1610 4005 accepissent.
1681 3910 1943 4003 Cyn-op.
1971 3910 2053 3982 V.
2080 3907 2154 3996 5,
2188 3912 2260 3986 1.
2304 3911 2457 3986 ἐπεὶ
2485 3912 2564 3986 δὲ
2595 3892 2836 3984 ταῦτα
2869 3914 3030 3986 διε-

806 4013 1218 4108 πέπρακτο,
1270 4014 1538 4107 πέμπει
1579 4040 1760 4110 προς
1791 4008 2190 4138 Κυαξάρην
2230 4011 2349 4088 καί
2375 4017 2793 4089 ἐπέστελλεν
2824 4012 3032 4110 αὖτφ

806 4111 1007 4210 ἧιιειν
1053 4113 1170 4189 επὶ
1213 4141 1303 4189 το
1340 4111 1877 4240 στρατόπεδον.
1932 4114 2122 4198 ὅπως
2150 4116 2322 4210 περί
2353 4145 2437 4191 τε
2475 4117 2623 4190 τῶν
2655 4117 3029 4241 φρουρίων

695 4231 710 4245 ·
809 4213 909 4291 ὦν
944 4210 1329 4337 ειλῆφεσαν
1351 4213 1891 4313 βουλεύσαιντο
1933 4218 1979 4291 5
2009 4248 2087 4293 τι
2088 4216 2550 4343 χρήσαιντο,
2601 4220 2721 4292 καί
2748 4213 3029 4294 θεασά-

805 4345 1025 4412 μενος
1053 4345 1144 4393 το
1190 4315 1617 4418 στράτευμα
1662 4351 1780 4395 και
1814 4323 1981 4446 περὶ
2010 4351 2159 4397 των
2200 4324 2433 4397 ἄλλων
2470 4315 2882 4417 σύμβουλος
2909 4323 3027 4418 γί-

804 4448 1058 4516 γνοιτο
1089 4418 1134 4495 5
1162 4448 1242 4498 τι
1289 4453 1379 4498 αν
1424 4426 1671 4526 δοκοίη
1718 4431 1794 4502 εἰι
1829 4420 2102 4499 τούτου
2144 4420 2515 4524 πράττειν.
2617 4425 3027 4520 Suspectum

805 4524 920 4596 hic
960 4523 1216 4598 habent
1247 4529 1604 4622 quidam*
1550 4558 1679 4621 αν,
1730 4531 2052 4600 omissum
2085 4529 2155 4598 in
2185 4530 2339 4604 cod,
2368 4530 2506 4601 Alt-
2610 4530 2705 4599 At
2731 4540 2924 4602 recte
2954 4553 3026 4601 se
