3259 5275
1094 499 1709 562 cOLV'rfll.
2367 508 2499 576 21⁵

488 690 814 782 Sequitur
845 690 1066 760 statim
1096 711 1160 758 v.
1193 687 1316 760 62.

392 841 575 939 χειρὶ
603 842 682 918 δὲ
713 835 1065 938 ιιινῆσασα
1090 835 1347 937 μόθου
1373 833 1902 939 πρωτόσπορον
1931 837 2162 944 άρχῆν

390 951 457 1029 ἐς
492 944 755 1044 θαλίην
786 947 1062 1044 ἕρρἰψε.

299 1100 454 1185 Quis
485 1099 759 1185 credat,
810 1097 1071 1168 etiamsi
1104 1095 1200 1165 sic
1229 1094 1418 1186 loqui
1458 1096 1642 1164 licuit
1684 1105 1972 1187 poetae,
2024 1107 2252 1170 tamen
2288 1102 2497 1171 nemi-

296 1226 437 1271 nem
465 1204 789 1272 exstitisse
822 1202 938 1292 qui
969 1193 1323 1296 δινήσασα
1360 1200 1774 1291 reponeret?

485 1304 1047 1374 Commemoratis
1073 1302 1282 1371 tribus
1315 1302 1596 1390 deabuS‚
1653 1324 1827 1391 quae
1857 1325 2141 1396 pomum
2173 1305 2342 1373 illud
2372 1306 2496 1375 sibi

296 1406 428 1476 dari
454 1430 751 1498 aequum
786 1407 1197 1476 censuerint:
1247 1428 1404 1473 nam
1443 1414 1600 1498 post
1630 1428 1695 1478 v.
1727 1401 1849 1475 65.
1877 1408 2291 1478 intercidisse
2319 1433 2495 1499 quae

294 1510 375 1580 de
415 1510 729 1581 Minerva
786 1512 1146 1604 scripserat
1191 1517 1437 1601 poeta,
1488 1509 1877 1602 Lennepius
1919 1510 2135 1581 vidit:
2188 1513 2495 1605 Iuppiter

292 1614 593 1683 mandata
624 1614 892 1684 dedisse
922 1613 1164 1682 dicitur
1190 1611 1538 1680 Mercurio
1571 1634 1636 1685 ν.
1666 1608 1787 1681 68.
1876 1635 1886 1646 ’

387 1761 568 1849 Ζειῖς
601 1767 684 1842 δὲ
717 1766 920 1841 θεῶν
945 1764 1067 1838 καὶ
1105 1769 1334 1846 νεῖκος
1362 1757 1536 1837 idaia*
1563 1763 1684 1838 ναὶ
1712 1767 1939 1838 παῖδα
1968 1767 2311 1849 καλέσσας

381 1877 585 1945 τοῖον
623 1864 1171 1968 ἑφεδρήσσοντα
1201 1868 1673 1964 προσέννεπεν
1699 1862 2118 1966 Ἑρμάωνα.

290 2024 467 2092 Haec
492 2032 563 2093 et
589 2024 834 2092 scabra
859 2031 962 2092 est
988 2032 1058 2091 et
1086 2022 1319 2091 vitiosa
1350 2021 1588 2089 oratio.
1661 2019 1908 2106 Quam,
1959 2021 2084 2090 nisi
2115 2020 2487 2091 omittendo

290 2136 634 2220 peccatum
667 2138 807 2215 est,
858 2125 1047 2218 quod
1081 2147 1223 2194 non
1252 2133 1354 2194 est
1378 2124 1769 2204 verisimile,
1813 2125 1908 2192 sic
1933 2124 2233 2216 corrige:

381 2273 559 2360 Ζειῗς
587 2279 672 2353 δὲ
710 2272 958 2352 θεάων
996 2282 1224 2358 νεῖκος
1250 2269 1459 2362 ἰδών,
1512 2274 1601 2349 ὃν
1634 2277 1863 2348 παῖδα
1894 2277 2254 2364 καλέσσας,

380 2389 584 2462 τοῖον
625 2376 1183 2478 ὑποδρήσσοντα
1209 2379 1685 2475 προςέννεπεν
1712 2372 2129 2475 Ἑρμάωνα.

288 2525 869 2631 ’,Υποδρήσσοντα
908 2532 1186 2623 quidem
1214 2532 1350 2600 iam
1376 2530 1799 2623 Lennepius‚
1852 2532 1976 2601 sed
1996 2555 2151 2616 xnon
2191 2532 2331 2601 sine
2373 2552 2485 2602 er·-

290 2662 462 2728 rore,
513 2639 839 2730 quoniam
875 2637 1071 2710 θεοῖν
1113 2632 1479 2732 ὑπηρέτην
1519 2637 1878 2728 significari
1908 2635 2137 2707 voluit.
2244 2635 2337 2723 At
2362 2661 2486 2706 ne-

289 2766 410 2834 que
447 2743 585 2811 hoc
614 2740 1051 2834 participium
1097 2738 1292 2832 fungi
1330 2748 1567 2830 potest
1610 2739 1998 2808 substantivi
2043 2740 2306 2827 officio,
2360 2763 2487 2810 nec

285 2846 642 2939 praesentis
676 2843 1113 2938 participium
1139 2841 1231 2910 ad
1256 2864 1338 2910 ea
1353 2841 1612 2927 referri,
1666 2865 1842 2936 quae
1876 2842 2170 2912 facturus
2195 2845 2278 2912 sit
2303 2843 2485 2913 iussu

289 2948 451 3019 lovis
482 2949 871 3019 Mercurius
892 2996 914 3033 ‚
966 2945 1091 3014 sed
1134 2945 1426 3037 pertinet
1463 2946 1558 3014 ad
1581 2968 2062 3039 praegressum
2109 2947 2487 3027 καλέσσαςε

286 3053 562 3123 vocanti
590 3051 809 3147 patri
849 3050 1051 3123 dicto
1100 3049 1534 3118 audientem.
1639 3049 1720 3117 In
1759 3049 1934 3116 lovis
1967 3049 2268 3118 oratione
2299 3049 2486 3140 quod

289 3165 381 3224 est
406 3180 464 3228 V.
497 3157 622 3225 71.
654 3156 919 3243 vitium,
973 3174 1178 3245 supra
1211 3152 1610 3220 sustulimus.
1671 3151 1986 3219 “Dubitari
2015 3151 2297 3220 fortasse
2321 3162 2485 3245 pot-

288 3261 402 3327 erit
429 3261 634 3328 etiam
663 3281 729 3328 v.
764 3255 886 3326 75.
916 3256 1005 3325 de
1046 3255 1258 3323 verbo
1287 3257 1842 3349 διακρινθεῖσα,
1896 3254 2083 3346 quod
2117 3256 2184 3323 in
2217 3254 2483 3324 duobus

290 3361 477 3437 codd.
527 3365 996 3458 διακριθεῖσα
1038 3359 1380 3449 scriptum.
1488 3355 1696 3425 Certe
1748 3378 1883 3425 non
1928 3357 2103 3425 male
2143 3358 2483 3450 legeretur

288 3467 923 3587 διαπροκριθεῖσα,
975 3471 1053 3530 ut
1092 3461 1281 3554 apud
1327 3460 1728 3553 Euripidem
1758 3461 1826 3527 in
1863 3460 2126 3532 Phoen.
2164 3459 2333 3529 222.
2381 3469 2483 3530 est

287 3559 529 3650 πόλεος
561 3560 1103 3662 ἐκπροκριθεΐσ
1141 3568 1335 3656 ἔμας.

474 3706 560 3775 V.
588 3703 713 3778 82.
766 3727 943 3798 quae
975 3702 1065 3771 de
1092 3701 1357 3769 Venere
1384 3698 1726 3785 dicuntur,

379 3856 494 3931 καὶ
523 3851 842 3955 περόνην
873 3848 1198 3928 θυόεντα
1227 3834 1679 3948 διαστήσασα
1707 3844 2040 3946 κομάων,

382 3960 624 4058 χρυσῷ
654 3960 792 4052 μὲν
821 3950 1272 4050 πλοκάμους,
1328 3952 1567 4051 χρυσῷ
1595 3950 1667 4027 δ’
1704 3955 2069 4049 ἐστέψατο
2097 3950 2393 4051 χαι’,την

289 4129 505 4196 mutila
529 4152 680 4199 esse
713 4152 892 4223 pene
928 4127 1260 4222 persuasit
1291 4122 1678 4195 Wernikius
1710 4124 2212 4216 comparatione
2255 4121 2476 4193 Nouni

288 4229 559 4305 xxxu.
596 4229 718 4304 15.
770 4231 925 4325 (34.
955 4231 1063 4301 ed.
1094 4228 1367 4321 Graef.)

381 4382 495 4456 ναὶ
526 4378 797 4507 περόνῃ
825 4385 1158 4509 consors
1184 4385 1353 4458 νέου
1380 4382 1633 4478 ιιληὶδα
1660 4404 1981 4469 χιτωνος,

385 4485 502 4557 ιιαι
523 4483 834 4586 ntum
861 4480 1168 4564 θυόεντι
1193 4480 1425 4582 νόμην
1454 4481 1728 4579 ᾶδίηνεν
1762 4479 1991 4575 ἐλαίῳ.
