3259 5275
680 412 685 417 ·
726 461 856 524 m
1232 455 1674 518 mensumn
1677 455 1815 517 ΝΜ
1862 456 2090 517 LIBER
2137 456 2439 518 PRIMVS.

933 647 1059 745 γῆς
1095 647 1425 728 Πέλοπος
1470 640 1730 721 νάεται
1775 644 1893 720 καὶ
1930 641 2345 739 Axoeei‘doc;
2388 642 2671 722 ὁππότε
2706 645 2947 723 Πυθαῖ

935 750 1203 849 ἤλθετε
1256 743 1742 842 πευσόμενοι,
1796 747 1887 832 ὥς
1937 777 2059 822 ιιεν
2112 748 2566 847 πτολίεθρον
2620 757 2843 851 ἕλητε.

735 905 1235 997 Addebamque
1311 903 1597 973 Homeri
1613 955 1635 992 ‚
1712 902 1902 972 haud
1961 905 2196 998 paullo
2276 905 2558 997 potioris
2627 907 2946 998 Apolline

736 1009 1024 1079 auctoris
1040 1059 1062 1096 ‚
1126 1009 1440 1101 exempla
1482 1008 1837 1097 nonnulla,
1905 1008 2146 1100 quibus
2199 1008 2577 1078 adducerer
2625 1022 2700 1079 ut
2749 1011 2949 1078 istum

736 1135 1068 1183 canonem
1130 1135 1268 1182 non
1330 1121 1518 1181 recte
1585 1112 2016 1182 constitutum
2087 1136 2236 1181 esse
2304 1111 2677 1183 crederem.
2803 1113 2950 1183 Sed

738 1219 828 1288 de
892 1216 1026 1285 hac
1086 1240 1162 1285 re
1222 1240 1400 1285 nunc
1464 1216 1694 1285 dicere
1752 1238 1975 1285 serum
2041 1224 2175 1302 est,
2250 1226 2613 1309 postquam
2677 1228 2749 1288 et
2801 1218 2947 1310 ipse

736 1320 1183 1408 Schaeferu3‚
1235 1343 1413 1411 quae
1452 1319 1568 1388 hic
1620 1320 2015 1413 disputavit,
2066 1318 2159 1387 ad
2205 1320 2532 1414 Sophocl.
2581 1319 2762 1391 Oed.
2796 1321 2945 1391 Col.

712 1423 960 1493 1418.
1002 1447 1135 1517 pro
1177 1425 1374 1494 certis
1417 1424 1943 1514 indubitatisque
1983 1422 2224 1492 haberi
2268 1423 2534 1508 noluit‚'
2568 1434 2638 1495 et
2666 1447 2801 1519 ego
2833 1448 2946 1492 ra-

732 1529 986 1598 tionem
1030 1530 1214 1597 illam
1262 1527 1533 1597 uberius
1600 1528 1953 1621 explanavi
1994 1527 2064 1595 in
2107 1527 2185 1597 iis
2233 1551 2430 1618 quae1
2459 1529 2550 1597 de
2599 1528 2691 1602 ἄν
2731 1529 2946 1622 parti-

668 1676 675 1680 ·
733 1632 887 1701 cula
937 1632 1194 1724 scripsi.
2335 1669 2338 1674 ·
2561 1653 2570 1659 ·

934 1783 1217 1853 XXXV.
1286 1785 1368 1858 P.
1414 1781 1587 1859 loo.
1643 1782 1977 1872 „Similis
2006 1785 2476 1855 soloecismus
2521 1784 2948 1856 eximendus

742 1889 1038 1985 Hymno
1078 1888 1474 1959 Homerico
1514 1888 1589 1958 ιίι
1635 1890 1978 1961 Cererem
2025 1914 2090 1958 v.
2124 1886 2299 1963 272.
2354 1914 2461 1984 sq.

1919 2040 2010 2125 οἷς
2061 2042 2153 2116 ἄν
2198 2044 2454 2117 ἔπειτα

941 2143 1245 2242 εὐαγέως
1294 2149 1661 2244 ἔρδοντες,
1715 2140 1899 2241 ἐμόν
1948 2138 2125 2220 νόον
2169 2143 2610 2223 ἱλάσκοισθε.

746 2301 1073 2396 Corrigo
1129 2292 1538 2399 ἱλάσκησθε.
1660 2297 1794 2370 Sic
1854 2299 2226 2371 Homerus
2290 2299 2383 2370 11.
2432 2299 2645 2369 XVI.
2709 2324 2777 2368 v.
2822 2298 2941 2368 84.

937 2452 1029 2537 nic
1081 2451 1174 2527 ἄν
1223 2479 1361 2547 μοι
1410 2446 1638 2550 τιμήν
1687 2448 2009 2552 μεγάλην
2061 2454 2182 2529 καὶ
2231 2455 2441 2538 κῦδος
2491 2453 2726 2553 ἄρηαι.

731 2606 854 2680 aba·
918 2608 1017 2678 al.
1059 2629 1469 2703 perperam
1528 2633 1768 2703 αροιο.
1794 2612 1837 2651 “
1937 2609 2156 2679 Huius
2223 2632 2431 2702 quem
2495 2609 2657 2679 dicit
2721 2607 2946 2678 soloe-

734 2714 923 2785 cismi
956 2713 1212 2804 aliquot
1252 2735 1338 2780 ex
1374 2711 1683 2781 Homero
1713 2714 2027 2808 exempla
2056 2712 2432 2784 afferebam
2445 2766 2467 2803 ‚
2519 2735 2812 2805 quorum
2836 2735 2947 2821 sa-

731 2818 814 2888 tia
861 2825 961 2887 est
1005 2815 1144 2886 hoc
1191 2838 1401 2885 unum
1438 2815 1772 2902 adscribi,
1827 2815 1966 2888 od.
2011 2818 2098 2886 11.
2144 2815 2268 2888 52.

938 2975 1021 3045 οὶ
1064 2996 1343 3067 πατρος
1391 2968 1530 3063 μὲν
1557 2973 1644 3090 ’ἐς
1692 2965 1894 3092 ρῖνον
1946 2966 2383 3094 άπερρίγασι
2441 2971 2743 3044 νέεσθαι

937 3069 1309 3171 Ιιιαρίου,
1364 3100 1455 3155 ως
1506 3102 1547 3145 ιι
1613 3100 1837 3156 αυτος
1888 3068 2323 3148 ἐεδνώσαιτο
2379 3066 2740 3168 θύγατρα.

648 3256 657 3269 “
729 3230 975 3319 Neque
1041 3227 1218 3297 enim
1270 3227 1448 3295 solas
1512 3210 1914 3318 particulas,
1982 3227 2108 3296 sed
2172 3227 2606 3314 sententiam,
2681 3249 2764 3295 ex
2816 3247 2948 3316 qua

733 3354 965 3402 earum
1011 3331 1415 3399 constructio
1461 3329 1795 3422 penderet
1809 3382 1830 3420 ‚
1897 3333 2186 3423 spectari
2240 3331 2495 3401 debere
2546 3329 2947 3399 arbitrabar:

633 3435 928 3527 25quod
966 3435 1082 3525 qui
1124 3433 1416 3523 faceret,
1470 3434 1995 3517 intellecturum,
2048 3458 2170 3504 cur
2217 3435 2286 3503 in
2336 3435 2595 3527 hymno
2645 3443 2832 3503 recte
2876 3455 2947 3502 se

732 3539 1020 3609 haberet
1065 3538 1403 3629 optativus
1421 3585 1442 3622 ‚
1508 3538 1579 3606 in
1615 3536 1829 3606 Iliade
1867 3547 2093 3607 autem
2138 3538 2596 3609 coniunctivus
2640 3546 2945 3630 praesta-

730 3653 855 3718 ret.
959 3642 1139 3710 Nam
1181 3641 1250 3708 in
1276 3640 1535 3733 hymno
1579 3638 1719 3710 hoc
1752 3641 2027 3711 dicitur:

833 3792 1051 3891 ὄργια
1102 3789 1171 3867 δ’
1203 3789 1393 3883 αὐτῆ
1448 3787 1629 3889 ἑγοῗν
1681 3788 2164 3890 ὑποθήσομαι
2179 3851 2207 3885 ,
2262 3792 2353 3876 οἷς
2401 3792 2497 3867 ἄν
2538 3795 2793 3868 ἔπειτα

837 3893 1142 3991 εὐαγέως
1195 3902 1526 3997 ἔρδοντες
1556 3893 1738 3993 ἐμόν
1775 3891 1951 3972 νόον
1988 3894 2436 3972 ἱλάσκοισθε.-

731 4052 811 4121 ln
861 4051 1074 4120 Iliade
1124 4060 1384 4121 autem:

832 4203 1093 4280 πείθεο
1141 4198 1212 4280 δ
1248 4202 1339 4288 ὥς
1401 4232 1526 4279 τοι
1578 4233 1713 4299 εγω
1766 4198 2022 4299 μύθου
2074 4207 2278 4287 τέλος
2329 4212 2405 4280 ἐν
2473 4203 2684 4301 φρεσι
2737 4202 2940 4291 θείω,

836 4338 926 4392 ως
978 4305 1070 4383 ἄν
1121 4336 1258 4403 μοι
1313 4301 1537 4407 τιμήν
1587 4300 1910 4408 μεγάλην
1959 4337 2079 4383 και
2115 4310 2326 4391 κῦδος
2377 4306 2603 4407 ἄρηαι

835 4438 1015 4509 προς
1063 4406 1360 4488 πάντων
1411 4412 1756 4487 Δαναων.
