3259 5275
688 485 837 582 ἀς
1253 479 1261 488 ’
1426 509 1548 572 nn
1622 507 2184 571 Pam-mvn
2226 501 2321 572 εν

857 699 1094 801 ἤματί
1127 697 1200 774 κ’
1228 699 1530 796 εἰκοστῷ
1553 697 1877 794 Σχερίην
1909 695 2257 795 ἐρίβωλον
2291 703 2524 769 ἵκοιτο
2539 752 2568 786 ,

866 802 1208 903 Φαιήκων
1237 808 1305 885 ἐς
1330 809 1548 900 γαῖαν
1563 858 1592 892 ,
1647 809 1729 875 οἲ
1748 799 2088 893 ἀγχίθεοι
2118 793 2496 893 γεγάασιν·

863 917 947 984 οἴ
969 911 1089 982 κέν
1123 933 1257 1000 μιν
1278 906 1444 1000 περὶ
1468 907 1635 1003 κῆρι
1672 899 1852 979 θεόν
1886 903 1976 985 ὥς
2002 897 2437 998 τιμήσουσιν
2456 951 2478 985 ,

858 1015 1277 1107 πέμψουσιν
1316 1005 1390 1083 δ’
1421 1014 1500 1085 ἐν
1528 1011 1653 1107 νηῒ
1676 1007 1887 1107 φίλην
1920 1009 1991 1089 ἐς
2019 1006 2339 1104 πατρίδα
2369 1011 2606 1100 γαῖαν.

758 1167 853 1237 Et
887 1176 943 1250 ε.
988 1163 1161 1246 331.
1217 1164 1318 1255 (τ.
1348 1159 1561 1254 288.)

865 1317 1106 1409 ὤμοσε
1139 1313 1218 1391 δέ
1248 1309 1430 1440 πρός
1455 1309 1582 1409 ἔμ’
1612 1307 1877 1392 αὐτόν,
1933 1308 2403 1388 ἀποσπένδων
2430 1310 2533 1387 ἐνὶ
2558 1315 2728 1407 οἴκῳ
2747 1364 2766 1391 ,

864 1423 1004 1520 νῆα
1037 1427 1520 1517 κατειρυσθαι
1540 1467 1563 1506 ,
1615 1416 1736 1490 καὶ
1767 1417 2121 1513 ἐπαρτέας
2152 1413 2398 1509 ἔμμην’
2430 1415 2792 1515 ἑταίρους,

863 1530 944 1597 οἲ
963 1517 1050 1620 δή
1077 1550 1210 1615 μιν
1243 1524 1622 1617 πέμψουσι
1652 1518 1867 1618 φίλην
1898 1525 1969 1602 ἐς
1995 1519 2319 1619 πατρίδα
2350 1526 2591 1617 γαῖαν.

763 1677 910 1749 Sed
937 1705 993 1751 ε.
1020 1674 1196 1748 141.

862 1825 954 1905 ου’
987 1821 1126 1923 γάρ
1161 1854 1298 1922 μοι
1332 1820 1537 1926 πάρα
1567 1826 1727 1925 νῆες
1759 1818 2159 1923 ἐπήρετμοι
2192 1823 2311 1897 καὶ
2349 1829 2674 1921 ἑταῖροι,

872 1939 954 2007 οἲ
975 1934 1094 2006 κέν
1123 1957 1259 2025 μιν
1290 1932 1650 2030 πέμποιεν
1685 1923 1805 2005 ἐπ’
1844 1923 2057 2025 εὐρεά
2088 1927 2286 2001 νῶτα
2322 1921 2711 2028 θαλάσσης.

762 2105 943 2174 Nam
973 2103 1041 2171 in
1081 2102 1544 2193 superioribus
1588 2099 1755 2169 locis
1804 2097 1894 2167 de
1935 2121 2019 2167 eo
2061 2099 2393 2189 loquitur,
2445 2100 2636 2189 quod
2681 2101 2767 2169 sit
2814 2099 3009 2169 futu-

762 2230 950 2290 rum3
1002 2204 1115 2273 hic
1149 2215 1376 2274 autem
1417 2204 1507 2272 de
1537 2227 1661 2295 eo,
1714 2201 1906 2294 quod
1931 2224 2068 2271 nou
2103 2203 2188 2272 sit
2232 2203 2556 2294 futurum,
2604 2203 2729 2272 sed
2768 2216 3013 2296 posset

762 2310 949 2399 fieri,
1002 2309 1057 2377 si
1102 2307 1368 2376 adesset
1414 2308 1620 2378 navis,
1724 2306 1964 2396 Itaque
2013 2304 2128 2374 hic
2175 2306 2404 2375 futuro
2443 2327 2582 2376 non
2607 2317 2798 2384 recte
2843 2331 3010 2379 usus

765 2423 977 2483 esset:
1029 2411 1154 2479 illis
1193 2421 1419 2480 autem
1447 2411 1516 2478 in
1542 2409 1710 2478 locis
1725 2456 1747 2492 ,
1800 2409 1924 2477 etsi
1968 2409 2275 2501 optativo
2322 2410 2420 2478 uti
2465 2410 2686 2504 potuit
2706 2461 2727 2499 ,
2778 2421 3013 2483 tamen

768 2515 1264 2583 convenientius
1310 2523 1493 2596 erat,
1545 2513 1845 2580 futurum
1883 2514 2073 2603 poni.
2177 2513 2339 2581 Non
2384 2513 2476 2581 ita
2520 2523 2682 2607 apte
2730 2516 3011 2584 coniun-

767 2618 1019 2686 ctivum
1083 2617 1455 2709 posuisset,
1534 2639 1677 2708 quo
1742 2615 2218 2710 significasset,
2288 2616 2410 2710 qm·
2463 2641 2627 2688 eum
2688 2615 3014 2691 debeant

771 2722 1161 2791 deducere.

832 2840 835 2843 ’
916 2854 919 2859 ·
975 2822 1120 2894 Sed
1154 2821 1519 2891 dicendum
1553 2820 1671 2890 hic
1704 2828 1809 2889 est
1853 2820 1944 2890 de
1985 2820 2308 2915 singulari
2351 2844 2610 2916 genere
2653 2824 3012 2916 loquendi,

769 2926 960 3020 quod
982 2926 1312 2996 iuvenitur
1345 2925 1596 3017 odyss.
1626 2952 1692 2997 ιι.
1718 2923 1893 2993 532.

768 3098 775 3101 ’
874 3092 967 3195 δῆ
994 3090 1168 3171 τότ’
1203 3089 1451 3170 ἔπειθ’
1484 3087 1863 3191 ἑτάροισιν
1896 3093 2294 3190 ἐποτρῦναι
2330 3092 2453 3168 καὶ
2485 3091 2800 3189 α’νοῖεαι,

870 3202 1109 3296 μῆλα,
1161 3191 1262 3273 vo?
1293 3191 1385 3295 δή
1411 3194 1778 3271 κατέκειτ’
1811 3198 2232 3292 ἐσφαγμένα
2273 3199 2473 3297 νηλέϊ
2506 3199 2747 3299 χαλκῷ
2762 3249 2785 3288 ,

873 3303 1255 3402 δείραντας
1286 3306 1701 3391 κατακεῖαι,
1756 3294 2203 3385 ἐπεύξασθαι
2237 3301 2316 3375 δέ
2352 3307 2654 3375 θεοῖσιν.

767 3474 1094 3546 Nondum
1152 3470 1333 3540 enim
1390 3480 1723 3541 mactatae
1765 3481 1958 3541 eraut
2014 3494 2175 3541 oves
2193 3518 2215 3556 ‚
2281 3469 2407 3540 sed
2452 3473 2732 3566 exponit
2785 3472 3015 3564 Circe,

771 3576 939 3669 quid
974 3574 1362 3644 faciendum
1388 3575 1463 3642 iis
1503 3577 1621 3659 sit,
1671 3576 1789 3644 ubi
1832 3583 2162 3645 mactatae
2205 3573 2469 3648 fuerint.
2571 3576 2816 3667 ltaque
2862 3579 3014 3668 quis

767 3702 904 3750 nou
958 3686 1307 3770 exspectet
1356 3678 1851 3747 coniunctivum
1870 3726 1892 3764 ‚
1971 3700 2262 3768 eumque
2314 3678 2458 3746 sine
2504 3679 2837 3773 particula
2889 3680 3013 3770 ἄν,

769 3782 933 3874 quia
961 3779 1127 3849 nihil
1158 3778 1272 3848 hic
1303 3780 1540 3849 incerti
1565 3792 1703 3869 est,
1757 3804 1980 3872 neque
2003 3804 2473 3871 quaecumque
2507 3805 2704 3870 oves,
2756 3784 2883 3853 sed
2925 3786 3017 3852 il-

640 3910 645 3917 *
700 3934 705 3943 -
767 3886 883 3954 lae
942 3884 1167 3976 ipsae,
1221 3905 1389 3973 quas
1433 3893 1634 3952 antea
1681 3886 1961 3953 mactari
2000 3885 2316 3972 iusserat,
2379 3886 2663 3979 intelligi
2704 3884 3017 3957 debent?

767 3986 1222 4057 Nihilominus
1255 3998 1442 4056 recte
1478 3987 1842 4056 indicativo
1883 3989 2229 4080 praeteriti
2270 4011 2430 4057 usus
2459 3997 2579 4058 est.
2683 3990 2845 4059 Non
2883 3991 3015 4060 ab-

765 4091 1002 4160 horret
1045 4090 1224 4158 enim
1258 4090 1345 4158 ab
1370 4112 1522 4173 ¹usu
1569 4090 2030 4181 Graecorum,
2096 4114 2305 4181 quum
2357 4092 2523 4181 quid
2562 4093 2836 4184 fingunt
2858 4145 2881 4181 ,
2947 4103 3018 4163 et

769 4193 1018 4263 deinde
1050 4190 1214 4282 quid
1249 4214 1460 4285 porro
1493 4193 1792 4262 futurum
1838 4195 1922 4263 sit
1965 4193 2256 4281 addunt,
2308 4196 2469 4264 ficta
2509 4197 2624 4264 illa
2656 4219 2789 4287 per
2823 4196 3015 4278 indi-,

770 4299 1067 4367 cativum
1102 4296 1485 4387 praeteriti,
1535 4308 1882 4387 tamquam
1911 4300 1967 4367 si
1999 4322 2160 4367 vere
2183 4300 2319 4366 iam
2343 4300 2770 4388 accidissent,
2816 4322 3017 4369 com-

771 4422 1173 4472 memorare.
1278 4399 1505 4493 Fingit
1528 4401 1643 4469 hic
1689 4401 1924 4488 Circe,
1976 4411 2297 4471 mactatas
2329 4426 2477 4472 esse
2507 4425 2706 4486 oveS‚
2755 4414 2835 4472 nt
2869 4404 3016 4473 ius-

772 4516 970 4575 serat.
1077 4504 1317 4593 Itaque
1369 4505 1557 4594 quod
1617 4505 1813 4593 dicit,
1879 4505 1936 4575 si
1981 4505 2371 4598 explicatius
2434 4506 2735 4576 indicare
2801 4508 3015 4599 voles,
