3259 5275
892 479 1841 573 nlssssa'ra‘rlo.
2355 510 2492 574 m

277 709 547 770 estnon
563 709 848 795 potest.-
900 700 1291 793 meliusque
1319 699 1527 770 ultra
1560 720 1782 791 quam
1803 699 2001 769 citra
2031 706 2183 768 stat
2219 698 2475 769 oratio.

278 803 708 894 Quicumque
753 813 1027 873 ιιιιιιιιιιι·
1066 804 1488 896 hyperbole,
1552 812 1823 871 utuntur
1866 810 2270 895 propterea,
2324 804 2480 898 quia

272 930 413 977 uon
440 906 721 977 habeut
728 929 865 998 quo
900 908 1061 977 satis
1106 907 1480 999 exprimant
1505 916 1828 996 quantum
1872 907 1954 975 sit
1981 905 2051 973 id
2086 904 2175 975 de
2206 928 2344 995 quo
2373 907 2480 974 lo-

272 1012 929 1102 quuntur.1taque
973 1010 1370 1103 praedicant
1408 1010 1497 1080 de
1541 1031 1627 1077 eo
1675 1009 1925 1100 aliquid
1974 1009 2160 1099 quod
2203 1007 2479 1078 modum

273 1113 604 1200 excedat,
652 1138 789 1183 non
823 1136 961 1205 quo
1003 1113 1072 1183 id
1111 1113 1294 1182 credi
1334 1113 1460 1182 sibi
1501 1113 1741 1195 velint,
1794 1112 1915 1181 sed
1960 1123 2067 1201 ut,
2121 1135 2330 1204 quum
2363 1113 2467 1181 ni·
2482 1097 2594 1166 ll·

272 1219 485 1286 niium
512 1216 790 1307 dicitur,
843 1239 982 1285 non
1028 1218 1184 1286 satis
1225 1217 1358 1285 dici
1389 1238 1593 1308 posse
1628 1216 1746 1305 qui
1772 1216 2050 1284 audiunt
2092 1214 2481 1308 intelligant.

276 1322 512 1406 Quare
567 1322 781 1389 omnis
824 1321 1208 1413 hyperbole
1255 1320 1565 1388 concitati
1623 1329 1725 1388 est
1771 1320 2224 1409 commotique
2285 1320 2482 1387 animi

274 1426 564 1517 siguum.
666 1423 875 1509 Quod
922 1424 974 1492 si
1018 1446 1277 1517 genera
1304 1423 1640 1512 quaedam
1673 1421 2137 1491 constituenda
2160 1433 2312 1492 sunt
2346 1422 2483 1513 hy-

275 1528 641 1621 perbolae,
695 1527 1012 1620 distingui
1047 1550 1129 1595 ea
1166 1535 1440 1619 oportet
1482 1548 1610 1618 pro
1650 1525 2031 1594 diversitate
2074 1526 2277 1594 animi
2306 1524 2482 1594 affe-

279 1632 595 1700 ctionum.
680 1631 988 1715 Quarum
1020 1653 1229 1721 quum
1258 1638 1443 1699 tanta
1472 1638 1541 1697 et
1564 1629 1850 1698 varietas
1878 1630 1963 1697 sit
2002 1639 2072 1696 et
2094 1628 2482 1728 implicatio,

276 1734 636 1804 multarum
681 1735 882 1802 etiam
934 1734 1254 1820 affinitas,
1306 1743 1382 1802 ut
1426 1755 1651 1823 neque
1694 1732 2069 1802 enumerari
2096 1753 2327 1801 omnes
2356 1755 2481 1801 ne·-

278 1861 413 1928 que
443 1839 618 1907 inter
645 1861 720 1907 se
761 1838 1079 1930 distingui
1110 1859 1318 1929 posse
1347 1835 1736 1905 videantur:
1788 1858 1923 1904 nou
1951 1837 2141 1929 ipsae
2169 1835 2482 1904 conside-

276 1940 533 2010 randae
571 1949 756 2029 sunt,
822 1941 945 2010 sed
992 1931 1198 2010 status
1238 1941 1333 2008 illi
1378 1940 1625 2026 animi,
1693 1939 1780 2007 ad
1839 1962 2010 2030 quos
2066 1939 2482 2008 referuntur:

244 2046 395 2135 -qui
452 2054 606 2113 sunt
644 2066 927 2113 numero
978 2043 1327 2137 perpauci.
1431 2044 1609 2112 Nam
1653 2051 1768 2111 aut
1807 2043 1992 2111 nullo
2030 2065 2254 2111 sumus
2297 2050 2484 2111 motu

276 2147 684 2241 perturbati,
736 2147 858 2216 sed
891 2148 957 2215 in
1004 2147 1434 2238 quotidianae
1472 2147 1648 2215 vitae
1677 2146 2069 2216 remissione
2103 2145 2325 2214 subito
2364 2169 2484 2214 ex-

60 2275 65 2282 ·
146 2335 169 2348 Ι
279 2253 562 2320 citamur
586 2251 827 2335 rebuS,
879 2250 971 2319 de
999 2252 1243 2341 quibus
1287 2271 1511 2319 sermo
1541 2249 1811 2332 incidit3
1864 2259 1981 2317 aut
2021 2250 2193 2318 serio
2232 2248 2485 2338 aliquid

278 2356 543 2448 agimus
587 2364 657 2423 et
698 2354 1024 2422 contentis
1071 2354 1353 2440 viribus,
1407 2375 1754 2445 saepeque
1800 2353 2000 2422 etiam
2042 2352 2326 2444 cupide3
2372 2360 2488 2420 aut

279 2460 473 2526 vacui
503 2459 625 2527 ab
604 2457 910 2550 negotiis
940 2457 1233 2525 animum
1272 2479 1500 2524 rerum
1535 2478 1933 2549 magnarum
1960 2456 2486 2548 pulcrarumque

278 2555 850 2655 contemplatione
884 2559 1091 2629 modo
1123 2561 1599 2653 temperatius,
1652 2560 1860 2628 modo
1900 2582 2113 2651 usque
2153 2558 2243 2627 ad
2271 2559 2486 2627 exsul-

277 2667 600 2735 tationem
650 2666 1105 2734 oblectamus·
1085 2716 1104 2745 ‚
1171 2676 1287 2732 aut
1336 2663 1628 2753 denique
1682 2665 1982 2732 simulata
2045 2665 2487 2756 perversitate

277 2780 475 2838 acute
503 2767 695 2837 dictis
722 2769 1137 2860 petulantem
1162 2770 1367 2836 risum
1405 2778 1776 2859 captamus.
1883 2767 2150 2836 Horum
2176 2777 2486 2857 quattuor
2593 2842 2600 2848 ,

275 2874 478 2942 animi
508 2881 800 2941 statuum
828 2894 1020 2940 suum
1051 2872 1302 2961 quique
1337 2870 1550 2938 habet
1579 2894 1796 2963 genus
1829 2869 2289 2962 hyperbolae,
2342 2871 2485 2938 fere

275 2976 444 3046 illud
465 2976 618 3044 viet
649 2984 986 3067 potestate
1015 2976 1233 3066 magis
1249 2996 1454 3064 quam
1485 2973 1706 3042 forma
1735 2975 2071 3042 acaeteris
2101 2973 2483 3043 discretum.

482 3080 713 3170 Atque
761 3080 830 3147 in
869 3077 1177 3147 familiari
1234 3077 1509 3168 quidem
1564 3076 2039 3146 consuetudine
2097 3077 2486 3167 saepissime

276 3185 529 3254 utimur
574 3183 993 3276 hyperbole:
1047 3180 1170 3251 sed
1212 3181 1532 3271 quoniam
1572 3179 1710 3248 hoc
1756 3203 1970 3273 genus
2016 3180 2338 3248 sermonis
2374 3204 2482 3248 re·

275 3288 555 3357 missum
582 3295 686 3355 est
718 3287 1062 3377 multaque
1083 3290 1542 3377 'temperatum
1575 3283 2008 3377 negligentia,
2060 3304 2196 3351 non
2225 3305 2489 3374 paucae

275 3390 706 3484 hyperbolae
747 3391 841 3458 ita
872 3413 946 3459 se
986 3389 1335 3481 paullatim
1378 3388 1446 3456 in
1479 3408 1672 3457 usum
1713 3386 2157 3469 insinuarunt,
2211 3396 2284 3453 ut
2315 3409 2486 3455 non-

277 3489 612 3564 nullarum
644 3493 741 3563 vis
768 3516 949 3586 pene
980 3492 1298 3561 exstincta
1327 3492 1429 3578 sit,
1481 3502 1554 3561 ut
1588 3513 1798 3585 quum
1827 3489 2075 3559 Graeci
2107 3490 2313 3558 multa
2347 3516 2485 3583 μυ·-

280 3596 432 3693 ρία,
481 3597 704 3666 Latini
729 3619 1054 3690 magnum
1084 3617 1385 3666 saevum
1411 3595 1573 3663 vel
1547 3616 1886 3665 tnsanum
1915 3600 2188 3662 vocant.
2238 3593 2308 3660 iu
2334 3593 2489 3685 ple-
2531 3604 2544 3617 ’

262 3702 509 3803 risque
552 3710 778 3770 autem
810 3700 1009 3768 valde
1047 3699 1366 3767 hebetata
1408 3699 1777 3789 reperitur,
1827 3705 1904 3765 ut
1938 3696 2179 3787 quod
2161 3719 2294 3764 tam
2333 3697 2489 3766 Ho-

272 3827 502 3874 merus
542 3804 706 3874 dixit
731 3807 909 3928 γέλῳ
940 3804 1298 3881 ἔκθανον,
1349 3802 1460 3872 vel
1499 3802 1688 3892 quod
1714 3822 1922 3894 saepe
1958 3809 2291 3890 oratores,
2342 3802 2489 3874 δέει

273 3900 638 3982 τεθνάναι
670 3901 862 3981 τινά.
968 3905 1201 3993 Quare
1231 3903 1365 3974 hae
1405 3904 1684 4027 quidem
1717 3904 1862 3973 fere
1901 3926 2040 3972 uon
2066 3912 2218 3975 sunt
2248 3902 2320 3971 in
2351 3904 2487 3972 vir-

276 4011 529 4080 tutibus
555 4011 870 4080 orationis
900 4008 1387 4078 numerandae.
1439 4009 1672 4098 immo,
1715 4008 2033 4098 quoniam
2060 4007 2270 4101 vulgo
2294 4007 2489 4077 tritae

278 4121 434 4183 sunt
447 4164 469 4202 ‚
521 4138 729 4209 saepe
773 4114 990 4184 minus
1022 4112 1266 4183 decent
1293 4112 1548 4181 cultum
1583 4121 1790 4204 atque
1818 4112 2192 4203 expolitum
2223 4110 2491 4181 dicendi

328 4241 516 4290 enus.

275 4240 328 4311 g
484 4321 638 4389 Alia
686 4322 855 4388 ratio
905 4330 1007 4387 est
1052 4320 1349 4403 illarum,
1405 4342 1573 4409 quas
1621 4319 1690 4386 in
1732 4316 2014 4411 agendis
2054 4316 2259 4386 rebus
2302 4317 2487 4385 seriis

281 4446 703 4517 usurpamus.
806 4418 1067 4491 Earum
1121 4444 1370 4515 magna
1410 4422 1694 4491 varietas
1740 4430 1875 4508 est,
1930 4410 2252 4516 multique
2299 4420 2489 4511 quasi

280 4528 568 4622 gradus,
619 4527 846 4620 prouti
895 4525 1189 4595 sedatior
1235 4525 1345 4594 vel
1387 4525 1785 4596 commotior
1825 4532 1928 4593 est
1967 4522 2241 4593 animus.
2344 4523 2492 4593 Sed
