3259 5275
732 415 870 529 'aso
1284 460 1389 526 DE
1431 455 1799 523 MmsvnA
1829 457 2274 537 vrmstvs
2311 456 2409 526 ἄν.
2501 529 2512 536 ,

732 651 853 723 Sic
883 649 991 721 ed.
1018 649 1326 721 Lascaris
1356 672 1513 720 cum
1552 671 1801 722 novem
1832 650 2037 726 codd.
2080 659 2151 722 et
2177 652 2509 745 emptore
2539 651 2794 725 Christi
2823 677 2953 750 pa-

733 757 952 826 tientis
994 777 1057 825 v.
1097 752 1322 824 1983.
1423 753 1660 825 Metro
1709 756 2089 826 consultum
2128 755 2380 826 Aldina
2435 756 2612 829 duce
2649 781 2783 853 per
2823 756 2954 835 οὐκ

731 856 826 933 ἄν
874 854 951 955 γ’
992 851 1376 955 ἁμάρτοις.

936 995 1087 1067 vn
1157 995 1438 1090 (vm.)
1487 995 1569 1066 ln
1601 995 1995 1069 Troadibus
2035 1016 2097 1065 v.
2134 992 2306 1067 ωε.

1012 1151 1109 1223 ’ἲί
1123 1142 1233 1247 μή
1281 1143 1759 1225 σ”Απόλλων
1800 1142 2304 1245 ἑξεβοῖκχευσεν
2335 1149 2634 1247 φρένας,

1040 1265 1171 1345 οὐκ
1200 1269 1293 1343 ἂν
1323 1265 1595 1365 ἀμισθὶ
1629 1264 1801 1352 τοῦς
1840 1263 2061 1365 &potis
2092 1262 2594 1369 στρατηλάτας

1034 1394 1350 1474 τοιαῖςδε
1381 1383 1660 1489 φήμαις
1696 1391 2079 1484 ἐξέπεμπες
2107 1389 2199 1465 ἄν
2233 1385 2528 1483 χθονός.

723 1547 844 1675 Si?
890 1544 1095 1618 codd.
1137 1543 1290 1615 Vat.
1344 1539 1526 1617 9⁰9,
1588 1542 1773 1614 Flor.
1825 1543 2045 1615 Havn.
2173 1544 2407 1640 Vulgo
2470 1566 2628 1616 cum
2692 1544 2943 1618 Aldina

725 1675 1010 1727 ovxovr.

921 1785 1107 1859 VIII.
1173 1785 1381 1881 (lv.)
1446 1785 1833 1880 Sophocles
1861 1786 1931 1856 in
1957 1786 2299 1882 Antigona
2327 1810 2392 1862 v.
2423 1783 2600 1862 746.

822 1930 997 2003 ΚΡ.
1105 1918 1166 1997 ὦ
1191 1917 1468 2021 μιαρόν
1497 1919 1683 2020 ἦθος
1714 1922 1836 1998 καὶ
1862 1918 2197 2020 γυναιιιός
2228 1922 2560 2023 ὕστερον.

818 2044 1055 2125 AIM.
1097 2039 1227 2119 οὐκ
1257 2043 1349 2117 ἄν
1378 2047 1564 2126 ἕλοις
1592 2042 1784 2144 ἥσσω
1817 2073 1898 2140 γε
1924 2046 2073 2120 τῶν
2105 2045 2425 2143 αἰσχρῶν
2449 2048 2599 2141 ἐμέ.

712 2199 832 2272 Sic
881 2199 1067 2292 Aug.
1101 2197 1171 2271 b.
1227 2206 1297 2266 et
1338 2200 1636 2288 quinque
1688 2198 1890 2269 codd.
1943 2199 2278 2286 Elmsleii‚
2342 2201 2466 2269 nisi
2517 2197 2706 2291 qnod
2759 2220 2925 2270 nnus

708 2302 959 2378 horum
988 2308 1144 2398 ὅλης
1169 2300 1401 2371 habet.
1503 2302 1735 2395 Vulgo
1767 2324 1859 2385 ex
1884 2303 2132 2372 Aldina
2163 2299 2294 2377 οὐκ
2330 2301 2422 2377 ἄν
2458 2299 2532 2398 γ’
2563 2307 2772 2384 ἕλοις.

911 2408 1073 2475 Non
1138 2405 1311 2474 illud
1373 2405 1690 2500 profecto
1762 2405 1852 2475 de
1916 2406 2126 2476 nihilo
2201 2415 2344 2496 est,
2427 2406 2616 2497 quod
2683 2407 2757 2474 in
2821 2403 2925 2476 his

707 2511 1008 2603 quinque
1056 2509 1171 2579 vel
1221 2531 1342 2578 sex
1392 2511 1724 2602 exemplis
1770 2510 2007 2603 optimi
2061 2519 2130 2579 et
2177 2511 2516 2579 veterrimi
2565 2510 2720 2579 libri
2772 2532 2924 2579 eam

705 2616 1110 2707 scripturam
1177 2614 1551 2706 praebent,
1634 2638 1772 2706 qua
1845 2623 2136 2683 metrum
2199 2615 2483 2689 vitiatur.
2611 2613 2723 2683 Ex
2784 2637 2922 2705 quo

702 2738 1119 2810 quamquam
1192 2717 1407 2787 facilis
1488 2726 1590 2786 est
1680 2717 2063 2786 coniectura
2076 2769 2097 2807 ,
2170 2718 2226 2787 si
2293 2721 2364 2788 in
2439 2719 2918 2788 recentioribus

699 2824 817 2894 vel
864 2821 1083 2891 minus
1135 2819 1326 2889 bonis
1374 2820 1558 2890 libris
1636 2818 1896 2895 οὔκουν
1946 2823 2058 2891 vel
2109 2817 2242 2895 οὐκ
2295 2820 2388 2897 ἄν
2438 2818 2511 2916 γ’
2561 2823 2914 2911 invenitur,

698 2925 774 2995 id
838 2925 1271 2995 metricorum
1338 2924 1575 2994 deberi
1637 2923 2037 3014 industriae,
2103 2934 2333 2995 tamen
2399 2948 2539 2994 non
2595 2926 2915 3015 sequitur,

698 3029 888 3121 qnod
932 3029 1164 3096 vitium
1213 3029 1309 3096 illi
1359 3051 1432 3098 se
1489 3028 1854 3098 emendare
1906 3028 2334 3119 crediderunt
2352 3077 2373 3115 ‚
2425 3052 2564 3099 non
2614 3052 2762 3099 esse
2813 3030 2914 3097 vi-

695 3134 898 3202 tium:
948 3134 1199 3218 immo,
1252 3155 1461 3223 quum
1512 3155 1651 3201 non
1703 3133 1787 3201 sit
1837 3132 2200 3220 credibile,
2251 3133 2694 3226 particulam,
2739 3156 2910 3225 quae

694 3236 885 3329 apud
967 3236 1182 3305 omnis
1260 3237 1526 3329 generis
1602 3244 1847 3329 poetas
1920 3236 2186 3305 infinitis
2262 3237 2430 3306 locis
2495 3236 2907 3329 corripiatur,

691 3338 882 3409 hisce
942 3349 1085 3408 tam
1125 3339 1393 3431 'paucis
1452 3340 1522 3408 in
1575 3339 1901 3431 exemplis
1965 3339 2374 3431 productam
2428 3363 2611 3427 esse,
2677 3339 2768 3409 de
2826 3363 2907 3409 eo

690 3451 951 3512 tantum
1000 3442 1268 3512 videtur
1316 3444 1551 3535 quaeri
1602 3465 1847 3536 posse,
1899 3453 2173 3513 rectene
2219 3444 2721 3513 emendaverint
2758 3466 2904 3513 me-

690 3547 877 3633 trici,
928 3568 1017 3615 an
1064 3547 1304 3616 melius
1354 3548 1520 3638 quid
1564 3557 1634 3616 et
1683 3545 2101 3639 probabilius
2141 3549 2354 3639 possit
2387 3547 2686 3617 inveniri.
2766 3546 2903 3616 Ha·

687 3649 853 3719 bent
917 3649 1231 3743 exempla
1291 3650 1416 3719 ista
1478 3651 1616 3720 hoc
1683 3672 2076 3738 commune,
2143 3651 2332 3740 quod
2406 3660 2476 3720 et
2536 3650 2900 3719 restrictio-

686 3776 848 3822 nem
899 3754 1127 3822 omnia
1177 3763 1246 3823 et
1296 3756 1849 3824 asseverationem
1904 3754 2283 3827 admittunt.
2387 3754 2733 3839 Quocirca
2788 3755 2898 3845 qui

681 3857 757 3928 in
810 3856 1120 3927 omnibus
1172 3853 1303 3930 οὐκ
1357 3856 1450 3932 ἄν
1498 3886 1581 3953 γε
1629 3867 2024 3950 reponeret,
2082 3880 2219 3926 non
2267 3858 2528 3928 faceret
2566 3856 2754 3950 qnod
2787 3868 2899 3926 aut

670 3961 1052 4030 sententiae
1112 3961 1477 4030 verborum
1526 3984 1665 4031 non
1724 3962 2109 4030 conveniret
2122 4014 2143 4052 ,
2210 3971 2359 4050 aut,
2424 3985 2635 4054 quum
2700 3963 2934 4030 etiam=

684 4063 926 4157 optimi
989 4070 1194 4152 atque
1257 4065 1691 4154 antiquissimi
1754 4064 1908 4133 libri
1973 4065 2360 4157 saepissime
2425 4067 2535 4134 vel
2595 4066 2898 4135 omittant

683 4169 864 4238 male
914 4165 1025 4236 vel
1076 4166 1331 4235 addant
1383 4167 1745 4259 particulas
1764 4219 1785 4255 ,
1854 4190 1994 4239 non
2041 4167 2243 4237 valde
2291 4169 2650 4262 probabile
2699 4168 2893 4238 vide-

681 4280 888 4344 retur.
993 4268 1173 4339 Illud
1238 4270 1450 4359 enim,
1520 4274 1710 4363 qnod
1757 4271 1836 4339 iis
1885 4272 1956 4340 in
2019 4271 2183 4342 locis
2197 4322 2218 4360 ‚
2283 4273 2353 4340 in
2417 4273 2661 4364 quibus
2711 4269 2890 4340 alind

683 4402 764 4468 γε
833 4373 1135 4462 accedit,
1217 4397 1369 4444 eam
1444 4374 1866 4445 iterationem
1929 4375 2207 4465 quidam
2266 4376 2684 4446 invenustam
2746 4398 2888 4445 esse

683 4477 1027 4566 dixerunt,
1088 4501 1454 4574 perperam
1501 4479 1871 4551 indicatum
1921 4500 2070 4550 esse
2107 4480 2338 4549 monui
2377 4479 2467 4550 ad
2505 4479 2885 4576 Antigonae
