3259 5275
722 483 853 547 842
1222 474 1617 536 mem-:⁰131
1627 474 1817 536 LIVM
1862 473 2088 538 LIBER
2132 474 2436 542 PRIMVS.

576 721 582 736 .
724 672 909 739 ferus
929 719 951 757 ‚
1001 670 1355 736 immemor
1392 666 1758 754 monentis,
1811 665 1912 735 vir
1947 660 2585 765 ζηταρετησιάδης,
2638 664 2752 735 vel
2791 688 2937 734 ma-

724 771 1247 850 ledicentissimi
1271 780 1555 863 poetae,

941 921 1028 999 οὖ
1083 917 1224 1022 γοῖρ
1296 918 1527 997 ἐσθλά
1550 969 1572 1007 ,
1651 919 2110 995 κατθανοῦσι
2181 926 2566 1043 κερτομεῖν
2633 917 2753 996 ἐπ’
2800 917 2940 994 ‹ir-

2060 1015 2341 1120 dpa'ow.

732 1180 878 1253 Sed
918 1178 1275 1250 Schaeferi
1324 1177 1494 1247 odiis
1510 1226 1532 1264 ,
1585 1175 1803 1245 donec
1833 1195 2069 1244 eorum
2102 1177 2220 1267 qni
2259 1177 2610 1247 nobiscum
2636 1179 2947 1249 vixerunt

731 1285 1088 1376 quisquam
1133 1290 1475 1376 superstes
1519 1281 1681 1365 erit,
1728 1301 1862 1348 non
1912 1277 2198 1348 deerunt
2227 1280 2380 1349 insti
2428 1280 2702 1353 indices.
2806 1282 2944 1369 Qui

728 1397 887 1481 post
909 1387 1171 1472 vivent,
1221 1385 1570 1478 provisum
1595 1392 1731 1468 est,
1783 1391 1859 1452 ut
1883 1404 2061 1474 quae
2084 1392 2240 1452 sunt
2270 1406 2547 1454 caussae
2581 1395 2808 1455 tantae
2838 1388 2946 1455 in-

729 1491 951 1560 vidiae
965 1540 987 1577 ,
1041 1511 1176 1558 non
1208 1510 1386 1579 qnae
1421 1493 1935 1580 praetexuntur,
1988 1507 2102 1554 eas
2126 1488 2395 1579 penitus
2425 1489 2554 1557 sint
2587 1498 2791 1580 atque
2827 1512 2946 1558 or-

732 1594 889 1663 dine
940 1593 1294 1684 cognituri.
1397 1593 1646 1681 Neque
1689 1590 1867 1658 enim
1913 1589 2064 1658 irati
2104 1612 2331 1660 sumus
2371 1591 2546 1660 irato
2563 1643 2585 1680 ,
2639 1603 2757 1661 ant
2801 1594 2949 1662 lae-

736 1697 901 1767 dere
940 1697 1244 1764 volumus
1287 1693 1623 1764 laedendi·
1642 1693 1858 1762 nullas
1900 1701 1971 1761 et
2009 1714 2099 1761 ne
2134 1693 2626 1787 indignissimas
2669 1695 2950 1787 quidem

735 1811 912 1869 artes
953 1798 1502 1891 adspernantem,
1584 1795 1709 1866 sed
1755 1796 2167 1889 ignoscimus
2221 1797 2448 1890 potius
2507 1808 2578 1868 et
2627 1812 2948 1890 quantum

734 1905 883 1972 fieri
930 1903 1185 1994 poterit
1227 1902 1696 1971 excusabimus
1736 1899 2072 1968 infelicem
2120 1922 2421 1969 errorem
2468 1904 2706 1972 mentis
2719 1951 2740 1985 ‚
2810 1925 2949 1993 quo

737 2008 839 2074 vir
853 2060 875 2097 ‚
925 2006 1051 2074 nisi
1079 2006 1413 2098 impotens
1457 2004 1659 2073 animi
1686 2013 1897 2092 esset,
1960 2003 2254 2095 optimus
2283 2005 2537 2075 amicos
2570 2028 2701 2098 pro
2733 2005 2950 2075 hosti-

684 2112 864 2182 4bus
890 2108 1186 2190 habens,
1240 2132 1369 2176 nec
1417 2132 1592 2199 quae
1641 2106 1823 2175 facta
1875 2127 2007 2197 pro
2051 2107 2296 2196 quibus
2341 2107 2538 2177 factis
2579 2108 2827 2178 reddat
2850 2111 2950 2177 vi-

738 2213 940 2299 dens,
988 2211 1139 2305 ipse
1173 2212 1301 2280 sibi
1332 2211 1694 2301 famaeque
1714 2232 1874 2278 suae
1898 2209 2117 2278 factus
2149 2220 2252 2279 est
2276 2210 2507 2281 hostis.
2521 2216 2566 2253 ‘⁶
2652 2212 2953 2282 Attente

735 2317 924 2387 haec
967 2313 1089 2384 ubi
1140 2315 1465 2408 legerint
1515 2314 1640 2408 qui
1686 2312 1914 2383 multo
1965 2334 2084 2382 me
2140 2335 2281 2384 usu
2320 2323 2626 2402 norunt,
2693 2316 2952 2392 dicant

735 2419 1020 2490 satisne
1060 2419 1168 2487 ad
1207 2419 1448 2496 vivum
1493 2418 1591 2488 ab
1638 2417 1780 2486 hoc
1813 2413 2126 2512 artifice
2159 2439 2517 2511 capr-essa
2552 2419 2651 2489 sit
2692 2419 2953 2514 unago

739 2520 1177 2616 Schaeferi:
1251 2521 1515 2606 ceteri,
1582 2521 1653 2593 si
1684 2542 1993 2615 quorum
2035 2518 2328 2614 referat
2356 2544 2475 2592 me
2500 2544 2752 2611 nosse,
2805 2524 2953 2595 illis

739 2625 1169 2697 auscultent.
1276 2624 1461 2696 De
1433 2625 1525 2696 u‘s
1574 2625 1697 2718 qui
1721 2632 1902 2719 post
1941 2622 2210 2715 vivent,
2283 2625 2476 2698 alios
2523 2635 2812 2698 terreat
2843 2628 2956 2698 ἱιι-

740 2738 1171 2824 corruptum
1233 2751 1462 2823 neque
1503 2729 1677 2799 ullis
1725 2726 2146 2822 fraudibus
2201 2729 2696 2824 expugnabile
2759 2732 2953 2802 iudi-

741 2834 934 2905 cium
954 2831 1461 2928 posteritatis,
1511 2855 1627 2902 me
1653 2855 1797 2903 non
1835 2840 2086 2902 terret.
2159 2832 2438 2904 Reiskii
2466 2855 2759 2923 manes,
2798 2835 2954 2929 qui-

742 2937 876 3008 bus
941 2935 1296 3008 Halensae‘s
1361 2936 1501 3007 iste
1564 2936 1781 3005 homo
1845 2934 2223 3028 illuserat,
2293 2959 2443 3032 ego
2491 2939 2692 3009 ultus
2759 2960 2955 3009 smne

739 3063 940 3112 meos
980 3048 1196 3110 erunt
1237 3040 1361 3133 qm·
1401 3064 1453 3111 α
1507 3039 1959 3111 coutumeliis
1995 3039 2421 3112 vecordium
2469 3041 2956 3115 calumniato-

741 3167 910 3216 rum
958 3152 1302 3215 tutentur.

946 3248 1144 3317 Haec
1187 3246 1482 3317 scribere
1528 3243 1978 3314 Schaeferum
2024 3247 2327 3338 potuisse
2373 3269 2586 3338 quum
2615 3247 2729 3316 alii
2767 3248 2958 3317 multi

745 3351 1159 3421 mirabuntur
1177 3398 1200 3434 ,
1250 3359 1396 3420 tum
1427 3371 1562 3441 ego
1594 3348 1868 3417 miratus
1900 3371 2050 3418 sum
2082 3351 2371 3419 maxime
2395 3401 2416 3437 ,
2467 3351 2585 3441 qui
2608 3350 2770 3419 huic
2812 3353 2956 3421 viro

745 3466 815 3525 et
858 3477 995 3543 quo
1052 3463 1367 3547 tempore
1412 3452 1666 3521 amicus
1719 3474 1868 3522 esse
1930 3450 2286 3523 videbatur
2335 3464 2405 3523 et
2442 3463 2808 3547 postquam
2852 3456 2955 3523 in-

744 3558 1193 3628 imicissimum
1246 3580 1391 3625 esse
1434 3577 1931 3648 cognoveram,
1983 3579 2414 3648 quacumque
2465 3559 2537 3626 in
2565 3581 2643 3627 re
2677 3581 2956 3650 possem

746 3684 886 3730 non
930 3660 1138 3729 modo
1181 3668 1459 3754 rogatus
1474 3709 1495 3746 ,
1549 3658 1674 3728 sed
1705 3659 1908 3727 etiam
1942 3659 2120 3728 ultro
2161 3683 2246 3729 ea
2279 3660 2586 3731 dederim
2631 3661 2957 3731 amicitiae

749 3764 1189 3851 documenta,
1240 3773 1565 3853 tantoque
1604 3761 1827 3833 studio
1867 3783 2000 3854 pro
2025 3785 2121 3831 ·eo
2159 3763 2605 3834 laboraverim
2620 3816 2642 3852 ‚
2694 3774 2769 3835 ut
2808 3767 2955 3859 ipse

647 3904 653 3913 ι
749 3879 823 3938 et
848 3876 1006 3935 ante
1042 3866 1170 3936 hos
1209 3866 1535 3936 tredecim
1567 3888 1777 3934 annos
1820 3864 1924 3956 (et
1953 3873 2181 3941 tamen
2215 3892 2258 3936 a
2310 3867 2808 3961 duodetriginta
2848 3891 2958 3938 me

748 3970 1139 4040 iniuriosum
1168 3993 1319 4039 esse
1353 3971 1477 4062 ait)
1530 3969 1958 4063 amplexans,
2007 3972 2399 4041 exosculans
2413 4026 2435 4064 ‚
2488 3972 2957 4063 summumque

749 4074 1041 4145 amicum
1078 4095 1273 4142 suum
1312 4095 1561 4144 vocans
1602 4073 1853 4166 gratias
1899 4071 2066 4142 mihi
2102 4097 2242 4144 non
2279 4075 2419 4145 sine
2458 4075 2746 4145 lacrimis
2790 4098 2957 4169 age-

748 4185 887 4265 ret,
940 4186 1010 4247 et
1041 4175 1308 4246 duobus
1338 4177 1485 4248 fere
1511 4176 1762 4245 abhinc
1787 4176 2011 4267 annis,
2056 4198 2268 4268 quum
2292 4201 2448 4248 eum
2477 4178 2644 4248 nihil
2674 4202 2960 4248 succen-

752 4305 904 4350 sens
953 4279 1137 4348 domi
1180 4302 1342 4349 suae
1379 4281 1839 4350 convenissem
1880 4279 2166 4373 periculi
2208 4282 2556 4352 cuiusdam
2613 4280 2961 4351 avertendi

757 4406 1021 4473 caussa,
1072 4383 1393 4475 factoque
1435 4383 1894 4478 cognovisset,
1946 4382 2135 4474 quod
2181 4408 2318 4454 non
2370 4395 2764 4480 putaverat,
2828 4408 2959 4455 non

757 4485 1084 4555 destitisse
1128 4509 1240 4556 me
1291 4490 1352 4557 ei
1401 4488 1579 4559 bene
1626 4486 1801 4557 velle
1817 4534 1840 4573 ,
1906 4486 2340 4559 familiaribus
2386 4489 2794 4580 quibusdam
2830 4490 2958 4558 suis
