3259 5275
750 501 879 564 28⁰
1002 497 1118 558 DE
1163 491 1641 557 AEscnYLl
1681 491 2266 557 PROMETHEO
2307 490 2697 570 sotvjro

738 696 1140 781 postquam
1179 685 1574 755 Herculem
1606 686 1758 754 tela
1802 679 2244 778 deficerent,
2294 683 2757 753 multitudine
2782 682 2956 752 bar-

753 790 1106 860 barorum
1121 798 1191 859 et
1212 788 1461 882 inopia
1496 810 1879 858 armorum
1902 785 2272 880 defessum
2288 808 2368 855 se
2396 787 2959 880 ingeniculasse.

752 894 1001 963 multis
1024 893 1178 962 iam
1200 890 1613 963 maneribus
1645 890 2005 984 acceptis.-
2036 889 2283 959 Iovem
2310 900 2555 960 autem
2583 892 2962 961 misertum

729 995 924 1093 filii,
978 1018 1287 1066 curasse
1324 1005 1407 1066 ut
1456 995 1664 1064 circa
1703 1017 1866 1064 eum
1904 1015 2196 1086 magna
2233 994 2571 1086 lapidum
2602 996 2816 1088 copia
2845 1017 2959 1064 es-

753 1108 903 1170 set.-
958 1098 1210 1191 qm'bus
1240 1122 1319 1169 se
1365 1098 1764 1169 Herculem
1798 1096 2222 1190 defendisse
2246 1106 2317 1166 et
2342 1097 2584 1168 hostes
2597 1097 2957 1192 fugasse.

757 1204 1024 1295 Itaque
1039 1203 1287 1272 Iovem
1305 1202 1848 1273 similitudinem
1852 1201 2269 1294 pugnantis
2283 1201 2476 1271 inter
2495 1202 2754 1271 sidera
2785 1224 2960 1271 con-

755 1307 1094 1377 stitm'sse.
1199 1306 1441 1399 Attigit
1486 1328 1623 1374 ιιοιι
1674 1306 2014 1373 nominato
2065 1314 2342 1373 auctore
2396 1304 2600 1374 Theo
2639 1305 2727 1373 ad
2770 1306 2962 1375 Arati

752 1410 1010 1481 Phaen.
1040 1433 1102 1481 v,
1129 1405 1254 1482 75.
1309 1406 1525 1488 οὗτος
1553 1408 1641 1481 δέ
1675 1411 1829 1483 ἐστι
1857 1399 2047 1479 κατά
2081 1434 2286 1487 τινας
2313 1405 2355 1480 ὁ
2392 1405 2785 1502 Ἠρακλῆς·
2830 1403 2961 1481 αὑ-

753 1508 889 1587 τόν
920 1507 1062 1608 reip
1090 1538 1225 1585 τον
1256 1509 1639 1634 4ζΗροιιιλεεόι
1690 1515 1843 1591 τοῖς
1883 1508 2175 1638 Λίγυοι
2184 1511 2676 1603 πολεμοῦντα,
2721 1515 2957 1584 ἐνειλι-

753 1609 1042 1689 πόντων
1085 1610 1289 1710 αὐτῷ
1329 1613 1477 1689 τῶν
1528 1606 2029 1705 τοξευμάτων,
2059 1610 2175 1686 ἐπὶ
2207 1604 2385 1705 yo'rv
2415 1618 2658 1687 πεσεῖν
2686 1613 2808 1686 καὶ
2846 1612 2962 1684 λί-

751 1728 922 1798 θοις
944 1709 1271 1812 βάλλειν,
1301 1715 1425 1797 οὓς
1458 1712 1663 1810 αὐτῷ
1688 1709 2490 1808 ὖοενΖευς.1)ἰ3ριιιανίι
2522 1715 2612 1784 de
2638 1716 2960 1806 Aeschyli

753 1820 1053 1890 versibus
1082 1820 1336 1911 primus
1361 1818 1451 1887 H.
1483 1817 1870 1911 Stephanus
1891 1817 1979 1885 ad
2000 1819 2416 1910 Aeschylum
2446 1844 2521 1913 p.
2554 1817 2730 1893 357,
2767 1819 2963 1886 deiu-

752 1924 845 1992 de
886 1923 965 1995 P.
1007 1920 1408 2017 Leopardus
1457 1921 1748 1989 Emend.
1797 1922 1878 1990 V.
1922 1920 2040 1990 ΓΙ.
2088 1922 2160 1989 in
2202 1921 2475 1992 Gruteri
2517 1922 2702 1991 Face
2739 1923 2964 1990 critica

752 2027 885 2097 vol.
933 2025 1051 2098 ΙΙΙ.
1092 2049 1164 2118 p.
1200 2024 1372 2098 199.
1410 2035 1479 2095 et
1517 2025 1881 2096 Salmasius
1917 2025 2158 2093 Exerc.
2202 2024 2370 2094 Plin.
2403 2050 2476 2119 p.
2513 2024 2634 2097 42.
2665 2026 2761 2094 Et
2792 2049 2856 2094 v.
2892 2025 2958 2096 Ἰ.

754 2128 1032 2221 quidem
1075 2128 1513 2198 casaubonus
1559 2121 1934 2224 ὕπερσχοῗν
1966 2129 2353 2220 corrigebat
2375 2178 2395 2212 ‚
2447 2129 2555 2197 cui
2604 2130 2752 2197 iure
2798 2150 2963 2196 con-

752 2232 1024 2302 tradixit
1055 2232 1440 2304 Salmasius.
1542 2224 1929 2324 Γογγύλωιν
1952 2232 2100 2323 ipse
2133 2231 2294 2300 dedi
2322 2255 2452 2325 pro
2486 2224 2957 2328 στρογγύλων.

754 2333 838 2405 Ιιι
877 2335 1082 2422 idem,
1132 2334 1256 2404 sed
1289 2336 1554 2418 timens,
1599 2333 1832 2403 incidit
1869 2333 2408 2404 Scholefieldius.
2512 2336 2599 2404 V.
2643 2333 2715 2404 8.
2768 2336 2961 2427 lege-

754 2440 957 2507 batur
979 2438 1164 2532 apud
1183 2438 1593 2507 Strabonem
1615 2436 1724 2518 οἷς
1745 2438 1997 2511 ἔπειτα
2024 2433 2411 2531 συμβαλων
2432 2430 2743 2562 δῃώσεις.
2775 2438 2956 2507 Leo-

752 2541 1007 2637 pardus
1050 2550 1121 2610 et
1163 2540 1561 2629 SalmasiuS,
1612 2539 1722 2621 οἷς
1769 2540 2017 2613 ἔπειτα
2062 2566 2147 2612 συ
2192 2534 2436 2635 βαλωιν
2480 2535 2767 2624 διώξεις.
2825 2540 2960 2609 Ve-

753 2670 901 2715 ram
932 2646 1330 2737 scripturam
1360 2639 1640 2725 damasec
1667 2642 2013 2713 Seidlerus
2041 2643 2130 2713 de
2158 2667 2363 2715 verss.
2397 2643 2669 2713 dochm.
2695 2668 2767 2737 p.
2794 2643 2959 2712 162.

754 2750 872 2818 ubi
903 2771 1033 2841 per
1062 2770 1359 2817 errorem
1399 2741 1661 2827 διώσας
1692 2747 2038 2839 scriptum,
2084 2756 2153 2816 et
2183 2759 2336 2816 ante
2371 2771 2527 2816 eum
2558 2747 2960 2835 Erflnrdtius,

757 2850 1003 2923 eodem
1037 2873 1179 2942 quo
1218 2850 1332 2919 ille
1367 2849 1713 2943 Euripidis
1759 2851 1915 2918 loco
1955 2851 2025 2917 in
2066 2850 2339 2922 Heracl.
2390 2847 2565 2921 995.
2609 2874 2765 2920 usus
2787 2906 2809 2943 ‚
2861 2853 2954 2920 in-

756 2964 1109 3026 venerunt:
1136 2952 1261 3023 sed
1272 2953 1484 3024 multo
1499 2962 1654 3022 ante
1678 2962 2038 3044 utrumque
2063 2952 2250 3023 idem
2269 2953 2530 3024 viderat
2544 2954 2961 3047 Leopardus.

956 3058 1351 3145 Edoctusne
1399 3057 1483 3126 sit
1524 3056 1593 3125 in
1635 3054 1965 3148 Aeschyli
2000 3056 2232 3125 fabula
2256 3081 2298 3125 a
2337 3057 2751 3127 Prometheo
2778 3059 2962 3126 Her-

760 3162 980 3249 cules,
1051 3159 1401 3252 quomodo
1451 3159 1737 3229 Atlantis
1799 3182 1937 3254 ope
1984 3161 2203 3230 aureis
2244 3162 2467 3254 pomis
2506 3161 2966 3254 Hesperidum

659 3278 758 3347 28
773 3266 1127 3357 potiretur,
1183 3264 1270 3332 de
1315 3286 1451 3356 qua
1489 3286 1565 3332 re
1609 3252 1934 3355 scriptum
1980 3276 2081 3332 est
2115 3264 2305 3356 apud
2350 3263 2850 3356 Apollodorum
2880 3265 2964 3333 Π.

760 3367 834 3454 5,
870 3362 1086 3462 11.§.
1117 3365 1235 3434 13.
1272 3376 1340 3436 et
1373 3366 1801 3435 scholiastam
1828 3366 2173 3459 Apollonii
2195 3367 2452 3436 Rhodii
2480 3368 2570 3436 ad
2596 3368 2712 3437 lv.
2743 3367 2964 3437 1396.

754 3471 1023 3540 hodie
1004 3492 1411 3563 ignoramus.
1513 3469 1681 3538 Veri
1725 3478 1953 3538 tamen
1986 3471 2197 3540 simile
2247 3479 2381 3557 est,
2432 3471 2571 3540 istis
2611 3472 2680 3539 in
2718 3472 2964 3541 itineri-

755 3575 884 3642 bus
931 3572 1386 3642 describendis
1421 3571 1768 3641 fabulosos
1810 3573 1961 3641 illos
2003 3568 2533 3667 κυνοκεφάλους
2565 3584 2635 3643 et
2668 3601 2964 3671 στερνο-

759 3668 1148 3769 φθάλμους
1193 3685 1754 3744 commemoratos
1806 3698 1987 3763 esse,
2039 3699 2212 3766 quos
2255 3677 2503 3745 Strabo
2552 3677 2605 3745 1.
2638 3701 2706 3769 p.
2734 3676 2857 3750 43.
2901 3687 2968 3745 et

760 3778 1020 3872 v11.p.
1064 3776 1234 3847 299.
1295 3778 1725 3871 Apollodoro
1771 3790 2044 3847 auctore
2088 3781 2177 3848 ab
2209 3780 2557 3873 Aeschylo
2600 3780 2817 3850 dictos
2861 3782 2965 3850 ait.

759 3881 963 3951 Certe
1008 3904 1180 3971 quos
1228 3883 1583 3973 utrubique
1638 3883 1865 3951 tertios
1913 3881 2103 3950 addit
2164 3876 2694 3976 μονομμοίτους
2716 3933 2737 3969 ,
2811 3885 2966 3953 Ari-

759 3986 975 4077 maspi
1020 3997 1202 4070 sunt,
1256 3985 1344 4054 de
1398 3986 1642 4076 quibus
1686 3988 1754 4053 in
1801 3985 2047 4054 vincto
2090 3985 2504 4054 Prometheo
2549 3996 2670 4056 est.
2775 3987 2964 4073 Quos

760 4089 864 4157 his
899 4088 1062 4156 alios
1113 4088 1256 4156 aliis
1292 4088 1829 4157 deformitatibus
1860 4088 2155 4181 insignes
2191 4089 2488 4182 populos
2511 4090 2805 4158 Tzetzes
2842 4090 2963 4157 ad-

759 4193 896 4260 iicit
927 4190 1102 4260 Chil.
1130 4190 1284 4264 Vll.
1320 4188 1473 4259 766
1495 4231 1582 4242 —
1609 4190 1661 4258 Ί
1663 4189 1783 4262 68.
1820 4214 1953 4260 non
1990 4191 2297 4261 videntur
2329 4215 2412 4261 ex
2444 4191 2791 4286 Aeschylo
2821 4215 2963 4263 esse

763 4296 1046 4365 collecti.

884 4396 903 4409 ’
969 4397 1282 4486 Aquilam
1334 4397 1852 4488 interempturus
1895 4395 2226 4465 Hercules
2263 4398 2648 4489 Apollinem
2688 4400 2959 4467 invoca-

765 4501 902 4570 bat.
1006 4499 1408 4571 Plutarchus
1449 4502 1515 4569 in
1564 4501 1912 4579 Amatorio
1948 4523 2023 4591 p.
2075 4496 2246 4568 757.
2285 4500 2370 4569 D.
2405 4501 2488 4569 E.
2544 4499 2585 4575 ὁ
2624 4501 2700 4576 δὲ
2723 4500 2956 4598 Ἠρα-

2373 4826 2404 4865 s
