3259 5275
898 456 1852 519 DISSERTATIO.
2239 478 2245 486 ·
2352 453 2478 517 281

304 656 450 752 κλῆς
480 661 724 777 ἕτερον
757 645 936 726 θεόν
969 653 1377 773 παρακαλεῖ
1401 651 1679 742 μέλλων
1718 648 1834 722 ἐπὶ
1862 642 1995 721 τόν
2038 644 2241 743 ὄρνιν
2272 649 2481 744 αἴρε-

306 769 471 834 σθαι
503 752 593 830 τό
622 750 877 843 τόξον,
933 781 1024 835 ως
1051 746 1415 844 Αἰσχύλος
1452 748 1709 849 φησίν,

485 919 785 1023 Ἀγρευς
814 920 886 997 6
915 916 1295 998 Ἀπόλλων
1327 916 1565 1020 όρθόν
1599 917 1848 996 ἰθύνοι
1880 925 2104 1017 βέλος.

301 1098 405 1167 Sic
448 1089 1004 1188 wyttenbachius
1048 1119 1133 1163 ex
1167 1098 1250 1166 E.
1331 1097 1558 1191 Vulgo
1606 1090 1873 1169 ἰθύνει.
1945 1096 2277 1187 Apollinis
2321 1096 2488 1166 illud

302 1223 665 1294 cognomen
688 1198 1310 1292 tetigitBoeckhius
1330 1201 1596 1293 Explic.
1631 1199 1824 1270 Pind.
1843 1198 2181 1290 Pyfltlx.
2215 1225 2285 1294 p.
2315 1200 2486 1269 324.

301 1306 602 1393 Aquilam
638 1302 982 1395 quomodo
1028 1313 1329 1374 veterum
1368 1304 1726 1372 doctorum
1769 1303 1884 1392 qni
1929 1326 2171 1396 sapere
2217 1303 2340 1372 sibi
2383 1304 2487 1372 vi-

302 1407 619 1475 debantur
659 1408 1073 1498 interpretati
1118 1409 1396 1493 fuerint,
1452 1406 1780 1501 cognosci
1818 1416 2046 1497 potest
2089 1429 2173 1473 ex
2220 1405 2487 1475 scholiis

298 1511 627 1603 Apollonii
658 1509 917 1606 Rhodii
953 1510 1042 1578 ad
1068 1512 1153 1581 11.
1186 1510 1408 1579 1248.
1437 1520 1506 1580 et
1532 1509 1842 1578 Eudocia
1868 1532 1939 1600 p.
1978 1506 2153 1581 346.

489 1614 790 1682 Liber-ati
817 1614 950 1680 iam
977 1615 1369 1684 Promethei
1400 1615 1609 1683 verba
1631 1612 1964 1681 habemus
1998 1611 2181 1704 apud
2213 1612 2486 1680 Plutar-

301 1716 534 1784 chum
516 1719 759 1810 inipso
787 1717 963 1784 vitae
998 1717 1303 1810 Pompeii
1327 1719 1543 1787 initio.
1570 1710 1750 1813 πρός
1779 1716 1855 1788 δὲ
1887 1709 2343 1809 Πομπήϊον
2301 1743 2490 1791 εοικε

298 1821 513 1894 τοῦτο
543 1826 817 1892 παθεῖν
852 1815 894 1891 6
934 1818 1320 1914 Ῥωμαίων
1357 1823 1582 1915 δῆμος
1628 1813 1848 1899 εὐθυς
1891 1824 1962 1900 ἐξ
1995 1814 2257 1913 α’ρχῆς,
2310 1817 2489 1917 ὅπερ

301 1919 340 1994 ὁ
378 1917 753 2012 Αἰσχύλου
794 1920 1238 2022 Προμηθευς
1286 1918 1466 2022 πρός
1508 1916 1645 1997 τόν
1668 1921 2044 2020 Ηρακλέα
2083 1922 2338 2005 σωθεὶς
2362 1919 2459 1995 ὑπ

299 2021 524 2100 αὐτοῦ
549 2027 674 2099 καὶ
703 2029 968 2121 λέγων,

491 2183 780 2278 ἐχθροῦ
805 2175 1080 2278 πατρός
1103 2210 1239 2275 μοι
1270 2184 1496 2258 τοῦτο
1529 2181 1887 2280 φίλτατον
1923 2184 2193 2256 τέκνον.

298 2333 370 2426 ln
413 2358 551 2426 quo
584 2358 792 2405 versu
834 2334 1060 2409 τοῦτο
1092 2337 1179 2403 ab
1221 2338 1500 2405 librariis
1539 2338 1738 2406 metri
1771 2335 2086 2428 explendi
2126 2357 2361 2402 caussa
2392 2336 2498 2404 in-

298 2448 536 2507 sertum
582 2451 781 2532 puto,
807 2439 979 2507 utin
1010 2442 1247 2508 comici
1273 2442 1517 2510 veteris
1548 2439 1869 2527 versibnS,
1904 2462 2073 2530 quos
2100 2437 2300 2507 affert
2326 2438 2499 2507 Dio-

297 2563 499 2635 genes
529 2542 846 2611 Laertius
873 2541 1240 2611 11.18.de
1267 2545 1508 2635 quibus
1534 2544 1666 2612 alio
1695 2543 1853 2611 loco
1888 2542 2165 2612 dicetur.
2249 2541 2342 2610 Vt
2369 2542 2499 2609 alia

295 2656 591 2735 taceam,
646 2648 1025 2739 pronomen
1051 2648 1232 2716 istud
1257 2649 1369 2717 vel
1404 2658 1691 2741 propter
1735 2671 1951 2740 genus
1988 2655 2331 2734 neutrum,
2384 2645 2501 2714 ubi

298 2773 447 2820 usus
473 2751 919 2819 masculinum
941 2753 1254 2863 requirit,
1302 2752 1944 2844 reprehendendum
1982 2761 2102 2819 est.

492 2855 841 2923 Incertum
886 2863 1020 2940 est,
1071 2836 1402 2924 fuerintne
1444 2880 1620 2945 quae
1653 2855 2111 2948 Apollodorus
2146 2848 2500 2938 11.5‚11.

298 2950 366 3053 §.
411 2955 532 3028 12.
585 2958 801 3026 refert
829 2959 1052 3025 omnia
1094 2959 1184 3027 ab
1216 2958 1566 3081 Aeschylo
1600 2966 2157 3026 commemorata:
2209 2953 2329 3027 καὶ
2366 2981 2505 3027 πε-

301 3060 644 3154 ραιωθεὶς
672 3061 789 3134 ἐπὶ
819 3087 955 3157 την
980 3059 1280 3156 ἤπειρον
1316 3090 1449 3159 την
1482 3055 1811 3156 ἀντικρύ,
1858 3054 2368 3141 κατετόξευσεν
2389 3055 2506 3131 ἐπι

298 3164 433 3236 τοῦ
467 3156 882 3238 Καυκάσου
928 3157 1063 3236 τόν
1104 3165 1456 3237 ἐσθίοντα
1493 3159 1585 3237 τό
1624 3165 1762 3237 τοῦ
1810 3164 2262 3284 Προμηθέως
2306 3157 2504 3257 ἧπαρ

300 3261 552 3347 ἀετόν,
610 3265 796 3339 ὄντα
820 3262 1146 3390 Ἐχίδνης
1177 3294 1299 3338 και
1336 3268 1716 3362 Τυφῶνος·
1770 3266 1893 3338 καὶ
1918 3258 2053 3339 τόν
2092 3264 2511 3384 Προμηθέα

300 3370 583 3443 διέλυσε
617 3360 887 3460 δεσμόν
914 3363 1254 3462 ἑλόμενος
1278 3364 1414 3443 τόν
1437 3370 1565 3466 τῆς
1589 3369 1857 3458 ἐλαίας,
1900 3367 2022 3440 καὶ
2057 3368 2370 3462 παρέσχε
2405 3362 2511 3459 τῷ

302 3471 442 3543 Διῒ
486 3472 885 3569 Χείρωνα,
953 3466 1342 3547 α’θοῖνατον
1389 3500 1615 3563 οντα,
1670 3465 2014 3568 θνήσκειν
2064 3467 2203 3544 οἱντ
2279 3463 2513 3540 αυτοῦ

300 3575 651 3649 θέλοντα.
758 3574 968 3660 Quod
1012 3576 1127 3643 hic
1170 3577 1258 3644 de
1294 3575 1591 3646 Chirone
1638 3575 1836 3662 dicit,
1894 3575 2214 3666 ambigue
2253 3570 2515 3639 indica-

300 3686 441 3744 tum
469 3703 543 3747 es
514 3676 627 3747 *se
646 3678 1138 3748 inPrometheo
1167 3680 1409 3748 Vincto
1438 3705 1499 3748 v.
1534 3677 1970 3769 1026.supra
1997 3676 2300 3745 diximus.
2355 3671 2497 3743 Sed
2515 3674 2615 3745 29

302 3780 388 3849 de
440 3806 740 3869 corona,
805 3805 1013 3872 quam
1061 3784 1325 3875 signum
1374 3808 1521 3851 esse
1566 3784 1983 3851 vinculorum
2025 3780 2192 3848 vidit
2238 3779 2514 3859 GaleuS‚

301 3887 764 3955 testimoninm
795 3895 1013 3955 exstat
1049 3885 1381 3955 Athenaei
1406 3886 1556 3954 XV.
1590 3910 1662 3979 p.
1698 3885 1992 3956 6741).
2040 3876 2410 4012 Acoxviuoc
2443 3876 2515 3953 δ’

304 3994 378 4063 ἑν
411 3992 523 4087 τῷ
551 3991 879 4083 λυομένῳ
914 3993 1318 4086 Προμηθεῖ
1342 4016 1585 4087 σαφως
1600 3985 1912 4117 φησὶν”’
1867 4016 1989 4061 οτι
2024 4013 2140 4060 επι
2166 3983 2349 4082 τιμῇ
2380 3982 2519 4056 τοῦ

306 4095 778 4192 Προμηθέως
809 4086 944 4167 τόν
977 4094 1340 4188 στέφανον
1368 4089 1846 4189 περιτίθεμεν
1877 4090 1971 4188 τῇ
2002 4088 2304 4185 κεφαλῇ,
2346 4083 2518 4159 οἷν-

303 4197 576 4270 τίποι
597 4224 637 4264 ν
659 4223 706 4267 α
757 4195 897 4268 τοῦ
936 4194 1208 4269 ἐκείνου
1263 4200 1357 4271 δε
1378 4194 1654 4289 σμοῦ,
1704 4193 1949 4269 καίτοι
1986 4198 2062 4266 ἐν
2090 4191 2185 4288 τῇ
2212 4194 2519 4287 ἐπιγρα-

272 4301 598 4405 ,φομένῃ
625 4298 902 4393 Σφιγγι
934 4293 1152 4372 ειπῶν
1167 4354 1195 4388 ,
1241 4395 1247 4401 Ι

516 4471 633 4568 τῷ
662 4471 740 4544 δὲ
769 4472 938 4568 ξένῳ
980 4498 1061 4565 γε
1098 4471 1492 4565 στέφανος,
1545 4467 1855 4568 ἀρχαῖον
1886 4466 2193 4563 στέφος,
