3259 5275
775 447 905 510 128
1469 447 1584 510 DE
1645 445 2189 510 PARTICVLA
2232 443 2325 513 ἄν

779 661 1005 732 quam
1024 636 1283 735 filium
1307 658 1543 707 meum
1574 637 1848 723 habeo,-
1896 649 2031 727 aut,
2082 643 2139 711 si
2170 639 2624 711 coniunctivus
2640 690 2661 724 ,
2711 642 2995 711 interro-

779 744 1006 837 gative
1045 741 1218 810 haec
1264 739 1445 810 dicta
1487 742 1616 810 sint
1653 766 1928 812 necesse
1966 752 2103 813 est:
2166 754 2249 815 ut
2293 754 2365 815 te
2399 767 2637 814 meum
2684 745 2997 816 habeam

753 846 1013 943 filium
1031 840 1074 912 ?
1124 844 1413 930 scilicet,
1461 846 1557 914 ita
1583 846 1952 916 benevolus
1986 871 2080 917 es,

981 949 1217 1038 Itaque
1241 949 1310 1016 in
1349 948 1830 1019 deliberatione
1846 1002 1867 1038 ‚
1919 954 2095 1040 quae
2141 973 2412 1043 semper
2454 959 2559 1020 est
2599 975 2755 1021 cum
2798 951 2995 1021 dubi-

774 1053 1022 1123 tatione
1050 1051 1423 1141 coniuncta,
1474 1075 1610 1122 non
1633 1055 1759 1123 nisi
1785 1055 2240 1125 coniunctivas
2265 1063 2646 1148 usurpauit.
2714 1056 2995 1150 Sopho-

771 1158 910 1225 cles
940 1156 1049 1226 Ai.
1075 1153 1251 1224 428.

982 1306 1194 1383 οὔτοι
1230 1303 1308 1381 σ’
1345 1304 1714 1407 ἀπείργειν
1746 1305 1924 1385 οὔθ’
1951 1307 2140 1401 ὅπως
2163 1311 2257 1385 ἐῶ
2283 1312 2514 1405 λέγειν

982 1414 1159 1504 ἔχω,
1209 1418 1449 1494 κακοῖς
1476 1416 1786 1497 τοιοῖςδε
1823 1408 2424 1511 συμπεπτωκότα.
2573 1414 2585 1422 ’

777 1565 956 1636 Oed.
984 1567 1072 1636 R.
1110 1563 1332 1635 1367.

981 1715 1112 1794 οὐκ
1138 1716 1285 1794 οἶδ’
1311 1717 1500 1803 ὅπως
1534 1746 1614 1793 σε
1638 1718 1757 1817 <poi
1785 1720 2322 1814 βεβουλεῦσθαι
2349 1722 2596 1806 καλῶς.
2654 1828 2663 1835 ἡ

773 1891 950 1960 Vide
992 1890 1311 1982 Aeschyl.
1347 1890 1593 1985 Agam.
1633 1889 1854 1960 1367.
1908 1891 2127 1985 Soph.
2173 1895 2278 1962 Ai.
2314 1890 2487 1962 514.
2539 1893 2778 1984 Eurip.
2823 1893 2993 1961 Hec.

770 1990 948 2063 585.
997 1992 1222 2064 Orest.
1284 1992 1456 2063 72⁰.
1514 1994 1768 2064 Phoen.
1830 1993 2002 2065 386.
2055 1997 2203 2065 Alc.
2265 1996 2434 2066 118.
2486 1997 2712 2089 Hipp.
2771 1994 2993 2065 1091.

773 2098 928 2191 Iph.
970 2100 1058 2171 A.
1089 2097 1261 2167 643.
1298 2095 1522 2167 1454.
1577 2098 1732 2190 Iph.
1766 2099 1854 2167 T.
1894 2093 2066 2168 995.
2121 2100 2377 2169 Troad.
2414 2099 2585 2169 712.
2629 2102 2786 2170 Hel.
2822 2098 2996 2169 637.

769 2201 980 2271 Herc.
1008 2202 1057 2270 f.
1105 2196 1328 2270 1245.
1433 2200 1702 2271 Eadem
1734 2202 1905 2271 ratio
1947 2212 2049 2272 est
2083 2205 2616 2296 interrogationis
2632 2256 2653 2292 ‚
2705 2213 2783 2272 ut
2822 2227 3000 2294 quae

770 2305 842 2374 in
879 2315 1137 2374 rectam
1167 2306 1540 2373 orationem
1567 2304 1852 2375 reducta
1875 2310 2308 2399 negationem
2344 2310 2429 2375 sit
2449 2307 2763 2376 habitura
2778 2331 2803 2375 :
2842 2307 2999 2377 vide

767 2407 1118 2500 Aristoph.
1179 2408 1312 2498 Eq.
1372 2406 1594 2477 1329.
1647 2410 1806 2477 Pac.
1862 2406 2037 2478 521.
2140 2410 2487 2479 Interdum
2537 2411 2996 2480 coniunctivus

769 2521 840 2579 et
882 2511 1184 2581 futurum
1221 2512 1748 2604 coniunguntur,
1815 2512 1936 2583 sed
1978 2536 2062 2583 eo
2101 2536 2240 2606 quo
2277 2537 2408 2606 par
2459 2523 2563 2584 est
2595 2515 2994 2584 discrimine.

764 2614 1001 2710 Eurip.
1037 2613 1234 2684 Med.
1275 2612 1494 2685 1998.

975 2786 1127 2862 οἶσι
1156 2786 1233 2861 δὲ
1261 2787 1592 2861 τέκνων’
1555 2784 1750 2862 εστὶν
1785 2790 1862 2862 ἐν
1892 2789 2114 2871 οἴκοις

972 2884 1319 2986 γλυκερον
1350 2885 1773 3012 βλάστημ’,
1820 2892 2039 2988 ἑςορῶ
2061 2894 2326 2988 μελέτῃ

972 2994 1654 3088 κατατρυχομένους
1678 3020 1814 3067 τον
1850 2992 2142 3068 ἅπαντα
2168 2990 2473 3090 χρόνον,

973 3123 1266 3191 πρωτον
1294 3098 1474 3189 μέν,
1530 3094 1718 3178 ὅπως
1751 3099 2091 3194 θρέψωσι
2120 3097 2422 3186 nal-03⁶„

971 3193 1231 3295 βίοτόν
1258 3195 1349 3273 θ’
1381 3192 1663 3274 ὁπόθεν
1694 3200 2030 3295 λείψουσι
2056 3203 2351 3282 τέκνοις

766 3368 1094 3441 Solliciti
1138 3379 1343 3457 sunt,
1401 3371 1766 3463 quomodo
1815 3372 2143 3441 educare
2182 3369 2498 3441 debeant
2545 3369 2856 3456 liberae,
2924 3380 2990 3442 et

765 3476 965 3544 unde
993 3474 1260 3543 victum
1290 3473 1436 3543 sint
1478 3475 1833 3544 relicturi.
1936 3478 2092 3545 Non
2126 3486 2312 3544 recte
2339 3498 2561 3565 neque
2588 3477 2990 3571 θρέψουσι,

765 3600 992 3668 neque
1043 3576 1301 3650 λίπωσι
1350 3576 1655 3647 dixisset:
1725 3600 1861 3647 non
1921 3580 2326 3674 θρέψουσι,
2380 3580 2536 3669 quia
2578 3602 2686 3648 res
2736 3603 2989 3672 anceps

768 3691 873 3749 est
911 3691 981 3748 et
1010 3679 1435 3749 dubitationis
1462 3704 1542 3748 ac
1582 3680 2077 3751 deliberationis
2107 3682 2342 3775 plena,
2395 3681 2706 3751 educatio
2734 3683 2989 3751 libero-

766 3807 955 3866 rum:
1008 3806 1143 3852 non
1173 3783 1474 3871 λίπωσι,
1530 3786 1689 3873 quia
1718 3784 1806 3853 de
1836 3784 2286 3875 relinquendis
2331 3785 2762 3855 facultatibus
2807 3787 2991 3854 nulla

768 3898 870 3955 est
899 3886 1247 3972 dubitatio,
1297 3886 1419 3956 sed
1444 3885 1533 3955 de
1561 3910 1667 3975 eo,
1719 3888 1903 3957 unde
1932 3889 2283 3980 parandae
2315 3890 2458 3957 sint.
2542 3889 2779 3979 Itaque
2806 3883 2988 3985 ’⁸²²2'-

767 4016 1034 4063 σωνται
1062 3998 1248 4058 recte
1279 3990 1572 4076 dixisset,
1625 3992 1681 4058 si
1711 4013 1992 4084 operam
2026 3992 2425 4083 quaerendis
2458 3992 2702 4084 opibus
2733 4015 2986 4060 navan-

763 4092 923 4161 dam
963 4094 1033 4160 in
1079 4101 1305 4162 mente
1349 4092 1726 4162 habuisset:
1781 4094 1906 4163 sed
1957 4106 2279 4187 potuerat
2318 4096 2520 4164 etiam
2568 4087 2982 4190 κτήσονται,

763 4197 819 4265 si
859 4197 1061 4284 illud,
1114 4195 1294 4264 unde
1337 4196 1604 4264 futurae
1647 4207 1869 4266 essent
1912 4221 2104 4290 opes.
2208 4199 2288 4266 ln
2331 4198 2568 4290 Eurip.
2608 4199 2766 4267 Hel.
2812 4193 2979 4266 637.

759 4300 1012 4370 scribe:

969 4447 1100 4526 οὐκ
1128 4446 1275 4525 οἶδ’
1310 4446 1570 4526 ὁποίου
1598 4452 1892 4552 πρῶτον
1925 4449 2256 4551 ἄρξωμαι
2280 4452 2532 4528 τανῦν.
