3259 5275
768 465 1634 531 HERMESIANAchs
1676 471 1990 535 ELEGI.
2362 478 2490 542 241

580 658 768 731 ἔνθα
802 655 1084 755 Χαίρων
1116 653 1342 754 α’κοήν
1371 663 1654 733 ἕλκεται
1687 662 1785 741 είς
1813 659 2090 734 ἄκατον

372 756 422 826 5
474 754 712 856 ψυχαῖς
739 763 1171 853 οἰχομένων·
1226 761 1440 859 λίμνη
1471 758 1547 835 δ’
1578 763 1694 836 ἔπι
1720 757 2006 858 μακρόν
2039 761 2281 854 diret,

578 864 817 960 ῥεῦμα
848 865 999 937 διὲκ
1031 857 1370 956 μεγάλων
1404 866 1726 962 ῥυομένη
1759 860 2100 940 δονοῖκων.

475 961 642 1038 ἀλλ’
671 968 835 1066 ἔτλη
861 961 1067 1064 napo?
1093 968 1290 1061 κῦμα
1319 966 1776 1060 μονόζωστος
1800 969 2198 1063 κιθαρίζων

578 1064 934 1165 Ὀρφεύς,
987 1069 1383 1151 παντοίους
1413 1066 1487 1144 δ’
1518 1071 1925 1153 ἐξανέπεισε
1957 1067 2175 1153 θεούς
2199 1097 2216 1114 ·

484 1167 840 1246 Κωκυτόν
874 1169 951 1248 τ’
980 1168 1395 1263 οἷθέμιστον
1429 1169 1549 1246 ἐπ’
1581 1166 1852 1269 ὀφρύσι
1877 1170 2332 1271 μειδήσαντα

323 1273 422 1342 10
580 1271 703 1372 η’δὲ
735 1274 855 1349 καὶ
893 1269 1297 1351 αἰνοτάτου
1321 1271 1600 1371 βλέμμ’
1631 1274 1970 1369 ὑπέμεινε
1996 1272 2236 1366 κυνός,

436 1618 500 1683 4.
546 1620 694 1680 Tam
732 1619 969 1699 elegans
1015 1628 1106 1679 est
1138 1627 1318 1698 atque
1363 1617 1690 1694 usitatum,
1751 1618 1916 1699 quod
1949 1617 2285 1698 Lennepius
2332 1639 2486 1679 con-

266 1703 407 1765 iecit
452 1702 706 1784 κοινήν,
749 1716 819 1765 ut
864 1726 984 1765 non
1031 1705 1212 1765 mirer
1247 1702 1569 1784 probatum
1621 1723 1751 1762 esse
1789 1704 1863 1763 ab
1909 1700 2283 1786 omnibus.⁸)
2368 1705 2488 1765 Sed

266 1801 467 1851 tamen
498 1791 786 1851 librorum
818 1790 1119 1870 scriptura
1146 1789 1324 1864 facit,
1367 1798 1436 1848 ut
1468 1788 1740 1849 dubitem
1766 1811 1843 1849 an
1868 1790 2256 1870 exquisitiora
2283 1810 2487 1850 amans

265 1886 449 1958 poeta
479 1874 704 1940 ἄκατον
731 1877 898 1936 illam
930 1876 1137 1957 potius
1168 1869 1396 1954 ἆόκνην
1420 1874 1662 1935 dixerit.

439 1963 499 2027 5.
553 1962 734 2035 Quod
768 1963 833 2020 in
869 1961 1002 2021 cod.
1038 1961 1182 2023 Ven.
1209 1969 1330 2035 est,
1374 1961 1616 2039 λίμνηι,
1664 1979 1788 2019 non
1824 1956 2081 2019 debebat
2110 1960 2490 2021 nominativis

263 2048 434 2107 litem
466 2067 729 2109 movere.
817 2049 880 2106 Si
927 2037 1077 2125 quid
1111 2054 1461 2125 suspectum
1503 2046 1566 2104 in
1598 2044 1920 2117 hocloco,
1969 2045 2154 2103 estid
2198 2045 2486 2126 ῥυομένη,

262 2132 571 2208 inusitata,
613 2132 721 2192 sed
748 2133 996 2213 propria
1022 2140 1222 2191 tamen
1250 2129 1681 2208 significatione
1708 2129 1991 2210 positum,
2047 2139 2112 2189 ut
2136 2151 2259 2189 non
2282 2131 2488 2191 videa-

261 2218 739 2279 turmutandum
757 2236 903 2277 esse.
947 2217 1012 2276 si
1027 2226 1246 2290 tamen,
1272 2215 1569 2295 συρομένη
1584 2222 1919 2295 praestaret
1942 2214 2074 2274 aliis
2103 2217 2487 2280 coniecturis.

441 2309 503 2368 7.
552 2298 960 2378 Μονόζωστος
1003 2323 1115 2382 pro
1164 2296 1569 2378 μονόζωστον,
1634 2299 1990 2359 Ruhnkenio
2036 2299 2316 2361 debetur:
2379 2301 2489 2362 sed

262 2384 444 2449 ethic
473 2397 536 2447 et
553 2389 655 2448 alii
672 2410 793 2448 non
817 2391 1148 2460 παντοίους
1177 2396 1404 2446 tentare
1432 2384 1746 2461 debebant,
1791 2382 1897 2443 sed
1921 2383 2275 2462 ἐξανέπεισε,
2321 2386 2489 2467 quod

260 2474 520 2535 verbum
552 2494 674 2533 non
713 2475 906 2534 solum
936 2482 1186 2553 propter
1212 2473 1496 2531 aoristum
1517 2492 1634 2551 pro
1667 2470 2021 2551 imperfecto
2046 2472 2333 2551 positum,
2379 2473 2486 2532 sed

260 2562 452 2638 magis
475 2560 653 2620 etiam
685 2569 935 2640 propter
952 2560 1135 2618 totius
1165 2557 1282 2616 loci
1315 2556 1607 2615 rationem
1637 2557 1926 2616 vitiosum
1959 2576 2104 2627 esse,
2148 2576 2366 2618 versus
2388 2562 2487 2624 13.

260 2646 465 2707 docet.
553 2646 734 2705 Poeta
779 2644 1092 2726 Orpheum
1139 2644 1373 2703 dixerat
1409 2663 1688 2702 securum
1726 2644 1886 2702 inter
1934 2642 2151 2702 inferni
2198 2642 2486 2705 horrores

261 2734 536 2791 omnium
568 2731 900 2791 celebrasse
946 2731 1154 2790 laudes
1196 2729 1464 2789 deorum.
1557 2728 1624 2787 id
1652 2728 1789 2804 ille,
1832 2727 1946 2785 nisi
1982 2728 2197 2802 fallor,
2255 2729 2490 2809 signifi-

260 2826 511 2876 caverat
560 2817 755 2876 verbo
801 2816 1162 2892 ἐξανέλισσε,
1210 2834 1330 2894 quo
1379 2815 1641 2873 refertur
1691 2823 1897 2893 postea
1941 2813 2124 2875 ἔνθεν
2161 2807 2489 2877 domim.-

261 2903 336 2961 ab
360 2904 789 2962 universorum
815 2922 1028 2980 genere
1054 2901 1303 2960 deorum
1330 2920 1612 2974 exorsus,
1656 2901 1925 2958 infernos
1952 2900 2226 2958 exoravit
2254 2920 2441 2978 reges.

431 2992 493 3051 9.
539 2987 651 3046 Hic
692 2989 862 3048 locus
902 2987 1272 3047 luculentum
1318 2985 1569 3065 praebet
1607 2985 1773 3044 illius
1820 3003 1997 3063 quam
2043 3004 2227 3063 supra
2278 2984 2489 3044 notavi

259 3072 536 3154 duplicis
569 3073 915 3132 criticorum
950 3070 1367 3153 perversitatis
1405 3070 1770 3149 exemplum,
1817 3088 2001 3148 quum
2035 3068 2109 3126 ad
2137 3068 2325 3128 verba
2354 3080 2486 3130 tan·

257 3170 387 3218 tum
421 3159 636 3218 attenti
671 3152 787 3223 ὕπ’
826 3154 1060 3237 ὀφρύσι
1103 3151 1473 3236 μειδήσαντα
1513 3156 1916 3228 coniecerim,
1965 3174 2087 3212 non
2118 3165 2488 3234 reputantes,

256 3244 308 3303 ai
350 3244 541 3318 illuc,
578 3252 649 3303 ut
688 3244 837 3325 ipsis
875 3243 1231 3317 videbatur,
1284 3238 1572 3318 ὑπέμεινε
1606 3238 1988 3299 referendum
2024 3247 2149 3313 est,
2194 3240 2486 3300 ridentem

259 3330 567 3389 sustinere
597 3349 722 3387 non
769 3328 922 3388 adeo
964 3327 1212 3387 difficile
1246 3345 1407 3397 esse3
1464 3345 1586 3383 non
1621 3324 1983 3384 offenderint
2025 3332 2224 3384 autem
2263 3324 2328 3384 in
2372 3321 2489 3406 ἠδὲ

255 3416 400 3492 καί,
470 3413 645 3473 cuius
687 3424 757 3473 ut
801 3414 1007 3494 paulio
1054 3414 1250 3472 minor
1295 3412 1597 3491 pravitas,
1656 3404 1941 3486 elegantia
1981 3428 2098 3467 non
2139 3408 2334 3469 maior
2376 3420 2486 3486 est,

259 3520 446 3579 quam
501 3500 664 3559 illius
698 3499 1078 3581 inscriptioni
1130 3499 1432 3557 Crissaeae
1470 3498 1691 3556 iterum
1732 3496 2067 3573 iterumque
2104 3494 2327 3554 frustra
2375 3495 2485 3555 ob-

258 3586 418 3645 trusi
452 3586 561 3647 καί
586 3607 672 3650 τε.
756 3579 1126 3665 Ἀθέμιστον
1152 3583 1271 3641 dici
1307 3582 1601 3661 Cocytum
1637 3601 1820 3658 quum
1856 3600 2029 3658 aegre
2058 3579 2252 3639 ferret·
2275 3579 2486 3641 Ruhn-

255 3670 499 3745 kenius,
544 3690 657 3730 cur
685 3691 806 3729 non
838 3671 1073 3746 aegrius
1102 3669 1280 3729 etiam
1311 3668 1453 3726 tulit
1480 3661 1596 3729 ὕπ’
1622 3660 1856 3745 ὀφρύσι
1886 3660 2273 3745 μειδήσαντα,
2319 3667 2488 3746 quod

255 3758 364 3816 vix
410 3755 610 3836 lyrico
656 3755 1107 3816 concedendum
1154 3753 1440 3813 videtur?
1486 3753 1676 3811 immo
1697 3754 1973 3836 flumine
2013 3748 2318 3831 languido
2377 3750 2489 3813 Go-

212 3846 217 3855 ’
258 3852 439 3921 qytus
467 3863 683 3899 errans
721 3843 929 3915 aliter,
974 3843 1225 3921 opinor,
1269 3837 1619 3897 testificatus
1662 3848 1751 3897 est
1788 3856 1850 3896 se
1893 3833 2137 3916 Orphea
2184 3837 2486 3896 testudine

260 3938 630 3988 commotum
670 3947 814 3986 esse.
899 3926 1109 4005 Itaque
1144 3928 1232 3984 sic
1275 3925 1476 4003 potius
1509 3922 1821 4003 scripsisse
1854 3933 2088 4001 poetam
2122 3923 2486 3983 existimem:

264 4007 558 4075 Κωκυτόν
584 4006 647 4073 τ’
669 4006 994 4074 ἆνέθιστον
1029 4004 1132 4073 ἐπ’
1159 4003 1432 4090 ὀφρύσιν
1462 4004 1797 4091 οἰδήσαντα
1824 4003 1945 4069 εἶδε
1964 4052 1981 4082 ,
2024 4005 2130 4069 καὶ
2158 4002 2482 4075 αἰνοτάτου

260 4090 489 4183 βλέμμ’
518 4095 808 4178 ν’πὲμεινε
831 4093 1034 4172 κυνός.
1052 4087 1110 4177 Ι’)

404 4300 466 4368 a)
499 4297 609 4352 ssd
636 4302 805 4350 tamen
836 4295 1162 4365 Gottlingiua
1201 4296 1339 4368 apud
1371 4295 1656 4349 Weberum
1702 4286 1943 4361 ἄκαλῆν,
1993 4291 2344 4346 Biomfieldiua
2384 4308 2480 4344 au·

258 4372 400 4445 tq,
450 4367 580 4422 satia
614 4366 837 4420 mirabili
878 4367 1206 4433 coniectura,
1256 4362 1441 4434 ω’χρήν
1461 4404 1478 4434 ,
1529 4381 1665 4434 quae
1692 4381 1726 4417 a
1761 4363 1954 4416 Bachio
1985 4362 2038 4414 iu
2067 4364 2234 4433 ipsum
2262 4370 2343 4415 eat
2363 4370 2480 4413 tex-

259 4446 373 4491 ω
405 4507 469 4575 b)
547 4445 729 4560 gisus
763 4521 915 4574 quum
960 4501 1059 4575 ἡδὶ
1099 4505 1232 4572 καί,
1284 4502 1427 4574 quod
1458 4511 1618 4570 atque
1645 4502 1780 4556 adeo
1825 4498 2173 4568 significaret,
2226 4495 2481 4563 defendit,

366 4595 613 4665 Hunni.
659 4595 796 4668 ΟΡ.
848 4596 964 4665 lv.
1991 4590 2058 4675 Q
