3259 5275
1069 489 1241 555 mn.
1291 459 1342 551 ⁸1.
1433 488 1625 551 cAP.
1666 494 1730 556 o.
2431 501 2521 566 4⁵

286 685 445 777 lpse
480 676 720 761 ,ὁπόσ
762 679 917 756 ἐστὶ
952 706 1181 773 χρεων
1214 682 1449 774 legere
1481 682 1772 755 videtur.
1879 682 2105 777 Vulgo
2145 687 2272 772 ibi,
2321 686 2404 761 τί
2445 686 2519 764 δ’

290 785 376 862 οὐ
421 813 512 860 συ
563 790 857 881 φρονεῖς
912 778 1132 858 ὁπόσ
1180 786 1333 860 ἔστι
1372 812 1601 906 χρεων
1644 778 1779 857 τόν
1831 814 1914 878 γε
1977 790 2171 885 σοφῇ
2213 789 2517 884 δόκιμον

289 890 520 985 φρενί.
633 886 886 957 Suidae
920 887 1078 961 cod.
1124 889 1320 1012 Lem:
1366 882 1603 962 ὁπόσα
1645 882 1873 983 χρεών
1923 893 2081 963 ἐστι
2123 885 2258 966 τόν
2267 895 2520 1016 „comfi-

286 992 513 1065 codd.
550 992 733 1064 Rav.
771 1001 839 1060 et
885 991 1055 1065 Ven.
1093 986 1314 1065 ὁπόσ
1357 1018 1450 1066 αν
1484 984 1715 1090 χρεών
1745 992 1905 1066 ἐστι
1936 987 2070 1068 τόν
2104 996 2319 1095 σοφῇ.
2422 999 2515 1072 G.

284 1095 686 1167 Dindorfius
723 1097 814 1162 ita
845 1094 1087 1165 edidit:

485 1276 647 1329 πως
696 1243 767 1322 δ’
820 1243 1025 1339 οὐχι’,·
1074 1245 1154 1321 τί
1183 1241 1342 1375 γάρ
1405 1274 1486 1368 ⁶?
1537 1245 1829 1343 πέφευγ’
1847 1299 1868 1339 ,
1923 1244 2060 1323 ὅσα
2113 1276 2252 1372 χρη

491 1345 740 1469 σοφὸν
791 1348 1069 1473 ἄνδρας
1119 1351 1197 1424 τί
1248 1347 1320 1426 δ’
1375 1379 1462 1424 ου
1515 1378 1603 1425 συ
1660 1359 1982 1450 φρονεῖς,
2038 1348 2256 1428 ὁπόσ’
2309 1384 2402 1429 αν

488 1481 731 1550 χρεων
779 1447 915 1528 τόν
965 1481 1044 1546 γε
1096 1453 1292 1550 σοφῇ
1343 1447 1648 1547 δόκιμον

491 1584 720 1654 φρενι
769 1555 1057 1654 πορίμῳ
1111 1584 1194 1629 τε
1247 1549 1526 1654 τόλμῃς

286 1711 363 1781 ld
404 1710 581 1780 mihi
631 1709 905 1802 quidem
939 1731 1076 1780 non
1109 1710 1375 1781 videtur
1417 1712 1577 1781 ferri
1618 1735 1864 1805 posse,
1917 1712 2075 1803 quia
2109 1711 2247 1782 sive
2290 1708 2338 1810 ᾗ
2374 1713 2516 1783 sive

288 1819 388 1912 εἴη
417 1815 800 1907 intelligas,
851 1837 986 1883 non
1017 1823 1203 1884 recte
1240 1816 1553 1907 procedit
1598 1816 1940 1889 sententia.
2048 1816 2229 1902 Quin
2272 1840 2358 1885 ne
2400 1816 2518 1887 illa

288 1918 607 2008 quidem,
664 1915 800 1989 ὅσα
835 1912 976 2012 χρῆ
1005 1912 1237 2012 σοφὸν
1266 1917 1539 2014 ἄνδρα,
1592 1941 1732 2009 quo
1775 1941 1972 1987 sensu
2013 1920 2235 1988 verbis
2265 1917 2346 1992 τί
2375 1914 2516 2017 γάρ

288 2048 363 2094 σε
402 2024 728 2115 πέφευγε
760 2022 977 2112 aptari
1020 2022 1317 2112 possint,
1368 2021 1593 2096 video.
1699 2022 1916 2090 Immo
1954 2023 2064 2090 vix
2100 2032 2271 2113 puto
2311 2023 2515 2091 dubi-

288 2126 406 2193 tari
446 2146 703 2216 posse,
754 2124 915 2214 quin
947 2124 1111 2192 nihil
1153 2124 1282 2192 sint
1321 2125 1445 2192 nisi
1479 2125 1836 2217 explicatio
1867 2126 2230 2192 verborum
2275 2119 2517 2198 ὁπόσα

287 2221 513 2319 χρειὸν
540 2221 687 2299 τόν
721 2225 915 2322 σοφῇ
944 2220 1247 2320 δόκιμον
1281 2226 1509 2323 φρενί.
1595 2228 1775 2295 Hinc
1812 2227 1996 2295 effici
2026 2228 2335 2316 arbitror,
2390 2250 2514 2296 ex-

288 2331 529 2399 cidisse
559 2331 903 2416 nonnulla,
956 2353 1133 2420 quae
1167 2338 1392 2398 autem
1418 2329 1771 2417 habemus,
1825 2332 1918 2398 sic
1946 2353 2092 2398 esse
2122 2330 2514 2400 scribenda.

282 2459 420 2513 πως
472 2428 562 2506 δ’
616 2430 825 2523 otixa'3
872 2431 951 2505 τί
998 2427 1138 2530 γάρ
1193 2458 1274 2506 σε
1313 2433 1668 2527 πέφευγας
1719 2428 1797 2505 τί
1828 2427 1903 2504 δ
1954 2430 2043 2506 οὐ
2089 2460 2178 2506 συ
2226 2431 2552 2528 φρονεῖς

285 2529 535 2609 ὁπόσα
569 2529 797 2630 χρεών
833 2538 990 2608 ἐστι
1021 2536 1217 2633 σοφῇ
1249 2529 1553 2628 δόκιμον
1588 2534 1799 2631 φρενὶ
1827 2534 2115 2665 πορίμῳ
2147 2562 2229 2608 τε
2257 2531 2515 2632 τόλμῃ.

484 2640 798 2708 Pertinet
839 2638 929 2707 ad
971 2639 1150 2707 hanc
1179 2639 1700 2731 disputationem
1744 2639 1945 2708 etiam
1977 2633 2105 2714 ἐαν
2140 2662 2297 2708 cum
2334 2639 2517 2708 indi-

287 2744 514 2812 cativo
540 2743 913 2836 praesentis
941 2743 1270 2829 iunctum,
1323 2742 1510 2833 quod
1548 2742 1987 2830 recentiores,
2037 2743 2106 2811 in
2138 2744 2351 2832 iisque
2382 2743 2518 2835 ipsi

289 2845 715 2939 grammatici
774 2868 910 2914 non
964 2868 1121 2913 raro
1180 2855 1606 2937 usurparunt.
1711 2845 1821 2915 De
1870 2869 2005 2935 qua
2051 2867 2129 2914 re
2191 2869 2234 2914 a
2278 2846 2514 2915 Bastio
2588 2853 2597 2863 '

290 2950 807 3038 Schaeferoqne
828 2948 1243 3041 disputatum
1270 2945 1465 3018 estin
1487 2948 1841 3041 Epimetro
1873 2949 1961 3022 ll.
1990 2948 2082 3016 ad
2109 2949 2312 3022 Arist.
2334 2949 2514 3023 Plut.

292 3076 358 3145 p.
380 3052 776 3125 XXXVIII.
804 3075 948 3143 seq.
1050 3053 1261 3143 Atqui
1302 3052 1634 3144 originem
1661 3061 1889 3121 tamen
1933 3052 2224 3141 aliquam
2258 3050 2518 3120 habere

295 3155 713 3225 consuetudo
760 3155 890 3224 ista
930 3154 1159 3229 debet.
1262 3155 1421 3224 Non
1472 3164 1575 3233 est
1619 3156 1798 3224 enim
1840 3155 2197 3241 credibile,
2248 3156 2306 3223 si
2346 3154 2515 3223 illud

297 3261 643 3331 soloecum
695 3268 831 3345 est,
894 3259 1114 3327 subito
1164 3258 1634 3328 soloecismum
1681 3258 2015 3350 placuisse
2082 3258 2349 3326 Graece
2404 3258 2513 3326 lo-

298 3363 675 3453 quentibus».
778 3361 997 3430 Immo
1022 3361 1188 3430 istae
1219 3385 1262 3429 a
1295 3363 1589 3453 genuina
1624 3361 1898 3452 linguae
1923 3361 2184 3429 ratione
2232 3361 2512 3429 aberra-

297 3467 505 3534 tiones
534 3465 685 3533 fere
719 3486 804 3532 ex
837 3487 922 3533 eo
951 3475 1147 3534 natae
1176 3473 1362 3552 sunt,
1418 3464 1605 3553 qnod
1636 3464 1909 3551 imitari,
1963 3487 2137 3555 quae
2170 3463 2357 3556 apud
2388 3487 2513 3532 an·-

298 3568 511 3659 tiquos
541 3577 612 3636 et
640 3568 857 3636 bonos
889 3570 1250 3661 scriptores
1278 3567 1705 3658 exquisitiora
1739 3566 2160 3655 viderentur,
2209 3568 2280 3637 in
2311 3567 2512 3636 laude

300 3670 806 3754 numerabatur3
856 3695 1032 3762 quae
1070 3671 1498 3758 imitationes,
1540 3693 1750 3762 quum
1791 3693 2066 3739 caussae
2107 3693 2227 3738 cur
2261 3670 2353 3738 illi
2384 3671 2511 3740 ali-

301 3775 567 3864 quando
599 3798 642 3841 a
686 3775 925 3866 regula
968 3774 1413 3843 declinassent
1442 3797 1578 3842 non
1620 3782 1841 3843 essent
1890 3775 2047 3843 satis
2084 3784 2509 3867 perspectae,

301 3878 682 3970 saepissime
722 3877 791 3945 in
816 3878 1046 3946 vitium
1081 3877 1598 3969 degenerarunt.
1702 3878 1863 3945 Non
1896 3877 2193 3946 debebat
2235 3877 2514 3966 quidem

299 3979 747 4050 Schneiderus
774 3981 844 4049 in
873 3980 1156 4074 Epicuri
1190 3981 1476 4071 epistola
1504 4003 1580 4072 p.
1611 3977 1735 4066 27,
1765 3977 1888 4051 84.
1921 3973 2050 4052 εὀἷν
2077 4007 2189 4060 τις
2214 3974 2510 4074 βαστά-

302 4091 400 4169 ζει
438 4083 847 4171 defendere,
896 4106 1119 4174 neque
1153 4082 1467 4152 Reiskius
1502 4084 1570 4150 in
1612 4082 1966 4155 Demosth.
2013 4106 2113 4157 or.
2153 4085 2224 4151 in
2262 4084 2509 4156 Neaer.

300 4208 371 4277 p.
413 4185 660 4272 1374,
721 4184 842 4260 24.
898 4210 939 4255 e
983 4186 1137 4259 cod.
1183 4184 1357 4258 Bav.
1407 4186 1609 4271 dare,
1662 4179 1791 4260 ἑαν
1836 4180 1909 4257 δ
1957 4188 2234 4275 εἴςεισι,
2286 4207 2512 4275 neque

302 4290 387 4357 ab
425 4291 568 4359 aliis
602 4290 763 4358 ferri
793 4290 980 4382 apud
1018 4290 1420 4381 Lycurgum
1469 4286 1642 4362 109.
1688 4312 1761 4381 p.
1809 4286 1980 4361 162.
2026 4290 2166 4357 sive
2207 4310 2284 4381 p.
2330 4285 2507 4413 266.
2581 4354 2596 4365 ,

302 4387 517 4467 Bekk.
564 4391 740 4465 212.
770 4392 1045 4465 Reisk..
1098 4390 1281 4466 ὅταν
1320 4397 1398 4465 ἐν
1443 4397 1598 4472 τοῖς
1638 4388 1886 4471 ὅπλοις
1928 4372 2508 4510 exorem-sudus—

305 4493 415 4566 νοί
473 4498 634 4569 εἰσι.
733 4496 1160 4566 Heinrichius
1217 4494 1313 4562 ibi
1368 4495 1533 4568 ἴωσι
1583 4494 1832 4583 edidit,
1885 4493 2076 4584 qnod
2122 4515 2255 4562 non
2293 4493 2508 4563 ausim
