3259 5275
777 450 908 515 m
1038 443 1147 505 DE
1195 443 1677 506 AESCHYLI
1719 443 2321 508 PROMETHEO
2361 445 2748 548 §OLVTO

774 651 851 711 ut
890 635 1263 710 istiusmodi
1294 635 1643 706 doctrinae
1675 635 2200 729 philosophicae
2230 639 2676 726 satisfaceret,
2729 639 2980 711 alienis-

774 748 1014 816 simum
1054 767 1097 812 a
1135 765 1296 812 sana
1335 740 1595 810 ratione
1641 749 1778 823 est,
1827 764 2052 830 neque
2083 742 2340 828 utilius,
2397 766 2604 832 quam
2646 766 2986 832 quaerere,

775 852 880 941 (et
909 848 1379 939 quaesiverunt
1422 844 1734 936 quidam)
1787 845 2136 936 quomodo
2174 846 2243 913 in
2287 846 2465 914 lovis
2509 869 2804 938 persona
2838 871 2990 916 cru-

775 952 1092 1022 delissimi
1143 950 1410 1042 tyranni
1457 949 1846 1041 exemplum
1887 971 2279 1041 proponere
2323 951 2645 1041 potuerit.
2749 952 2992 1042 Neque

773 1056 1158 1126 habuerunt
1192 1055 1322 1123 ista
1360 1052 1552 1144 apud
1592 1052 1896 1121 Graecos
1936 1052 2378 1122 offensionem
2395 1101 2417 1138 ,
2469 1076 2598 1122 nec
2629 1065 2995 1147 potuerunt

770 1158 1064 1246 habere,
1114 1159 1282 1227 utin
1314 1157 1787 1249 religionibus,
1840 1178 2017 1246 quae
2058 1165 2240 1224 totae
2273 1179 2358 1224 ex
2384 1156 2855 1227 huiuscemodi
2888 1159 2993 1227 fa-

770 1264 946 1332 bulis
1006 1271 1229 1332 essent
1296 1260 1736 1352 compositae.
1837 1260 2055 1328 Immo
2111 1259 2280 1328 illud
2333 1260 2649 1329 admirari
2702 1272 2993 1354 oportet,

774 1366 1000 1457 quod,
1052 1388 1264 1457 quum
1298 1364 1385 1433 de
1430 1364 1708 1457 singulis
1741 1362 2359 1456 diisindignissima
2400 1388 2713 1455 quaeque
2748 1366 2993 1436 crede-

772 1479 953 1557 rent,
1005 1479 1265 1557 tamen,
1315 1468 1435 1537 ubi
1477 1470 1618 1537 sine
1663 1476 1850 1535 certo
1890 1468 2161 1536 nomine
2207 1466 2413 1535 deum
2453 1468 2808 1557 dicebant,
2865 1472 2994 1538 im-

771 1597 1044 1643 munem
1084 1575 1171 1642 ab
1200 1573 1386 1642 omni
1413 1571 1608 1659 vitio,
1663 1594 2059 1661 summaque
2092 1571 2440 1640 sanctitate
2474 1571 2866 1664 praeditum
2893 1576 2991 1642 in-

769 1679 1184 1771 telligebant.
1286 1677 1483 1745 Illam
1529 1676 1737 1768 igitur
1778 1675 1957 1744 Iovis
1999 1674 2343 1743 saevitiam
2387 1686 2462 1743 ut
2503 1686 2823 1745 excusent
2869 1677 2992 1746 de-

768 1783 1073 1852 fensores
1117 1781 1463 1875 trilogiae,
1529 1789 1597 1847 et
1655 1781 1799 1847 iure
1846 1780 2155 1870 punitum
2197 1779 2434 1848 volunt
2477 1780 2989 1872 Prometheum,

771 1909 990 1976 eaque
1023 1907 1257 1953 caussa
1280 1885 1452 1953 miro
1485 1882 1695 1952 modo
1721 1883 2242 1975 interpretantur
2264 1882 2434 1951 illud
2456 1905 2518 1952 v,
2565 1881 2739 1952 266.

980 2031 1195 2125 ἑκών,
1251 2030 1428 2112 ἑκών
1458 2034 1797 2134 ἥμαρτον
1811 2090 1840 2126 ,
1895 2032 2022 2109 οὐκ
2058 2029 2472 2134 ἀρνήσομαι
2496 2088 2518 2128 ,

772 2203 842 2263 et
882 2195 951 2264 in
991 2202 1314 2284 sequente
1347 2192 1578 2260 fabula
1595 2241 1616 2278 ,
1668 2191 2098 2260 reconciliato
2137 2191 2300 2260 Iove
2315 2243 2335 2278 ‚
2386 2192 2760 2261 restitutam
2809 2192 2989 2261 arbi-

768 2307 1028 2367 trantur
1059 2298 1349 2366 divinam
1361 2296 1708 2365 iustitiam:
1739 2316 1877 2385 quo
1903 2295 2171 2362 invento
2199 2291 2442 2364 vereor
2468 2318 2553 2363 ne
2573 2319 2709 2363 non
2736 2297 2990 2388 optime

770 2402 1075 2496 dignitati
1106 2400 1560 2470 consuluerint
1588 2401 1888 2491 supremi
1913 2399 2219 2488 deorum,
2275 2421 2481 2488 quem
2507 2399 2832 2468 decuerat
2858 2422 2990 2492 po-

764 2507 896 2575 tius
936 2528 1072 2574 non
1114 2506 1370 2574 saevire
1413 2504 1687 2572 omnino
1706 2554 1727 2592 ,
1780 2527 1986 2596 quam
2027 2503 2280 2595 placari
2320 2526 2403 2571 ea
2441 2503 2598 2597 lege
2615 2553 2636 2591 ,
2703 2514 2780 2571 ut
2828 2504 2988 2572 alius

763 2608 1155 2679 Promethei
1188 2609 1336 2678 vice
1370 2608 1603 2677 lueret.

714 2711 768 2782 6
975 2712 1120 2782 Sed
1161 2712 1573 2805 progredior
1609 2712 1702 2780 ad
1744 2711 1945 2780 aliud.
2050 2712 2227 2779 Nam
2272 2733 2483 2802 quum
2519 2711 2673 2779 libri
2713 2710 2992 2800 quidam

764 2818 1069 2910 personis
1098 2817 1317 2885 Vincti
1353 2815 1748 2884 Promethei
1777 2816 2129 2883 Tellurem
2161 2826 2230 2884 et
2270 2815 2639 2884 Herculem
2669 2815 2993 2899 inserant,

768 2944 852 2991 ea
894 2921 1164 2989 nomina
1206 2921 1529 2988 mansisse
1565 2928 1809 3011 putant
1851 2941 1936 2986 ex
1965 2941 2084 3005 eo,
2136 2918 2328 3010 quod
2369 2919 2438 2987 in
2465 2919 2694 3007 aliquo
2726 2928 2992 2986 vetusto

763 3025 1040 3111 codice,
1092 3025 1209 3115 qui
1257 3023 1475 3092 Soluti
1509 3044 1785 3112 quoque
1820 3021 2212 3090 Promethei
2249 3031 2520 3114 partem
2566 3022 2992 3103 continuerit,

761 3129 958 3197 simul
1003 3151 1239 3196 omnes
1271 3128 1618 3217 utriusque
1660 3126 1934 3195 fabulae
1966 3148 2303 3217 personae
2347 3126 2597 3195 fuerint
2628 3148 2992 3194 enumera-

760 3242 890 3302 tae.
998 3232 1227 3318 Quam
1276 3232 1733 3301 coniecturam
1781 3238 1855 3297 ut
1886 3230 2324 3313 confirment,
2392 3228 2773 3297 incredibili
2819 3231 2992 3298 levi-

757 3345 897 3405 tate
941 3336 1473 3430 Agamemnonis
1518 3355 1969 3427 personarum
2011 3332 2305 3403 indicem
2351 3332 2681 3418 afferunt,
2735 3334 2804 3401 in
2854 3356 2990 3423 quo

761 3464 846 3509 ex
875 3439 1306 3532 Choephoris
1333 3438 1734 3507 accesserint
1764 3435 2064 3523 OresteS,
2112 3437 2411 3519 Electra,
2457 3437 2698 3505 nutrix.
2810 3438 2989 3504 Nam

761 3567 875 3613 eas
903 3566 1228 3636 personas
1269 3566 1405 3612 non
1441 3542 1663 3610 codex
1694 3541 1903 3627 ullus,
1956 3539 2081 3609 sed
2115 3540 2288 3614 Adr.
2323 3540 2687 3608 Turnebus
2717 3539 2985 3625 adiecit,

761 3646 986 3738 quod,
1031 3648 1128 3716 uti
1168 3656 1313 3714 tum
1349 3645 1626 3736 quidem
1665 3647 2093 3738 Agamemno
2131 3654 2199 3712 et
2238 3642 2639 3735 Choephori
2683 3644 2753 3710 in
2785 3666 2986 3712 unam

695 3752 704 3762 '
759 3750 1061 3818 fabulam
1103 3751 1523 3834 coaluerant,
1575 3749 1818 3818 deesse
1858 3772 1971 3817 eas
2014 3748 2455 3820 existimabat.
2561 3747 2643 3814 In
2691 3747 2983 3817 Prome-

758 3854 924 3923 theo
955 3855 1197 3922 Vincto
1233 3853 1503 3923 codices
1538 3854 1746 3945 pauci
1772 3853 2097 3935 TelluriS,
2140 3852 2525 3920 Robortelli
2560 3850 2768 3920 editio
2800 3852 2982 3920 Her-

762 3958 927 4026 culis
952 4010 971 4042 ,
1023 3967 1384 4047 utrumque
1425 3979 1674 4027 nomen
1711 3952 1916 4026 editio
1947 3955 2193 4024 Aldina
2236 3954 2517 4028 addunt.
2623 3953 2855 4039 Fluxit
2891 3954 2982 4038 id,

758 4071 835 4131 ut
865 4060 1032 4130 mihi
1058 4060 1334 4151 quidem
1364 4061 1694 4148 videtur,·
1714 4082 1799 4128 ex
1842 4060 2068 4149 aliqua
2117 4059 2495 4151 argumenti
2539 4059 2981 4144 enarratione,

756 4166 824 4234 in
852 4187 988 4256 qua
1012 4173 1284 4256 praeter
1310 4186 1641 4256 personas
1658 4216 1677 4252 ,
1730 4186 1908 4252 quae
1941 4164 2010 4230 in
2039 4185 2310 4231 scenam
2337 4162 2726 4254 prodirent,
2781 4163 2979 4229 etiam

755 4270 911 4339 illae
949 4268 1220 4338 fuerunt
1247 4269 1625 4337 nominatae
1647 4318 1669 4356 ,
1716 4274 1882 4357 quas'
1914 4275 2126 4358 poeta
2151 4288 2289 4334 non
2320 4264 2794 4334 introduxisset
2824 4264 2977 4353 qui-

756 4373 916 4444 dem
946 4381 1250 4466 agentes,
1302 4372 1427 4441 sed
1458 4381 2055 4441 commemorasset
2082 4379 2310 4439 tamen
2342 4378 2417 4437 ut
2447 4391 2602 4436 cum
2630 4367 2779 4435 fatis
2803 4367 2976 4434 Pro-

755 4477 1008 4547 methei
1046 4477 1453 4550 coniunctas.
1558 4476 1663 4545 Illi
1678 4524 1699 4562 ‚
1754 4476 1872 4567 qui
1906 4475 1995 4545 de
2033 4474 2372 4544 communi
2399 4494 2838 4566 personarum
2869 4471 2972 4537 in·-
