3259 5275
985 463 1155 530 LIB.
1195 463 1299 528 ΠΙ.
1386 466 1580 530 CAP.
1623 468 1686 530 8.
1717 469 1782 534 4.
2358 477 2488 543 147

257 655 409 724 Alia
440 653 722 748 optativi
752 676 838 724 ex
877 654 1183 747 optativo
1207 654 1566 750 principali
1594 655 1952 748 pendentis
1986 661 2297 753 exempla
2323 686 2480 734 cum

252 760 652 852 pronomine
688 758 968 827 relativo
1009 758 1167 827 vide
1212 759 1404 831 Iliad.
1444 787 1525 851 μ.
1563 758 1741 834 228.
1777 786 1838 832 ν.
1871 759 2042 830 118.
2091 761 2264 835 322.
2303 765 2477 842 344.

250 874 305 945 ξ.
335 859 463 935 92.
497 859 752 952 odyss,
781 891 852 935 α.
882 859 1003 930 47.
1027 860 1200 932 229.
1239 869 1313 955 β.
1337 861 1512 937 336.
1541 863 1649 954 (π.
1679 861 1888 955 386.)
1910 865 1968 936 δ.
1997 863 2173 941 222.
2211 877 2288 943 θ.
2307 868 2477 941 24⁰.

249 987 402 1034 cum
432 962 565 1039 ὅτε
592 965 781 1034 Iliad.
814 994 891 1062 φ.
925 964 1098 1036 429.
1133 964 1269 1035 Od.
1306 993 1364 1040 ε.
1394 966 1564 1037 189.
1599 996 1648 1040 ι.
1678 965 1851 1036 333.
1882 972 1945 1040 λ.
1978 966 2150 1038 374.
2189 997 2269 1064 μ.
2305 972 2478 1050 106.

248 1066 420 1139 114.
481 1098 556 1161 φ.
600 1066 774 1140 116.
829 1090 909 1163 ψ.
951 1065 1126 1143 185.
1182 1092 1339 1138 cum
1380 1064 1607 1145 ὁπότε
1633 1097 1697 1144 o.
1744 1070 1916 1143 147.
2018 1072 2178 1142 Non
2222 1084 2323 1145 est
2368 1087 2476 1145 ta-

243 1195 396 1240 men
431 1173 531 1239 ita
563 1182 873 1240 constans
910 1171 1022 1240 hic
1065 1196 1221 1241 usus
1236 1225 1258 1262 ‚
1311 1183 1387 1243 ut
1425 1197 1563 1243 non
1602 1175 1967 1265 aliquando
1996 1175 2064 1245 in
2107 1179 2479 1250 orationem

242 1285 503 1343 rectam
528 1275 768 1344 redeat
794 1276 1222 1345 constructio.
1325 1277 1429 1345 lta
1462 1276 1718 1370 odyss,
1750 1306 1814 1372 y.
1848 1276 2025 1352 318.

910 1434 1139 1510 κεῖνος
1188 1455 1329 1552 zap
1383 1430 1549 1504 νεόν
1600 1427 1921 1504 αλλοθεν
1972 1422 2395 1528 εἰλήλουθεν

337 1532 417 1603 ἑιι
475 1528 627 1603 τῶν
678 1524 1136 1628 ἀνθρώπων,
1192 1530 1375 1605 ὅθεν
1429 1528 1559 1606 οὐκ
1610 1525 1911 1606 ἔλποιτό
1961 1560 2043 1626 γε
2088 1533 2310 1628 θυμῷ

337 1634 695 1725 ἐλθέμεν,
749 1630 1007 1709 ὅντινα
1056 1661 1351 1734 πρωτον
1403 1628 1922 1732 ἀποσφήλωσιν
1976 1632 2249 1727 οἶελλαι.

239 1772 295 1843 δ.
319 1766 502 1842 649.

1319 1906 1398 1982 τί
1445 1935 1568 1982 κεν
1620 1909 1844 2031 ῥέξειε
1894 1906 2016 1980 καὶ
2067 1906 2323 1997 αλλος,

332 2004 620 2084 οππότ
671 2003 858 2107 α’νῆρ
910 2009 1290 2100 τοιοῦτος,
1344 2014 1524 2102 ἔχων
1561 2004 2036 2133 μελεδήματα
2089 2014 2347 2110 θυμῷ,

329 2112 618 2209 alt-lgm
675 2108 992 2204 χαλεπόν
1044 2142 1164 2186 κεν
1217 2108 1639 2212 ἀνήνασθαι
1690 2107 1896 2187 δόσιν
1949 2115 2082 2212 εἴη.

232 2266 412 2336 Huic
446 2276 674 2336 tamen
700 2267 858 2336 loco
885 2266 1051 2335 nihil
1077 2266 1443 2354 tribuerim,
1495 2267 1565 2335 in
1599 2288 1737 2358 quo
1764 2274 1950 2334 tanto
1975 2265 2233 2336 facilius
2262 2266 2465 2343 αἰτί-

233 2378 334 2457 ζοι
367 2371 581 2440 scribi
608 2371 860 2465 possit,
910 2369 1101 2462 quod
1128 2370 1332 2439 etiam
1363 2369 1622 2458 αἰτίζει
1657 2369 1986 2463 scriptum
2017 2371 2371 2447 invenitur.

1296 2573 1412 2649 lV.

400 2729 535 2802 De
588 2726 1017 2826 optativo
1069 2750 1269 2799 cum
1319 2726 1427 2803 ἂν
1466 2748 1656 2823 pro
1708 2726 2312 2802 οοπὶιιποίίοο

1170 2871 1361 2919 cum
1410 2847 1536 2923 ἄν.

431 2985 744 3057 Mutatur
781 2996 1003 3057 autem
1046 3010 1183 3056 non
1225 2988 1442 3057 solum
1479 2986 1537 3055 is
1576 2984 2029 3054 coniunctivus
2048 3031 2071 3071 ,
2131 2984 2247 3075 qui
2278 2995 2463 3056 caret

231 3091 563 3183 particula
603 3088 729 3179 ἄν,
786 3091 855 3160 in
892 3091 1307 3183 optativum,
1354 3088 1479 3159 sed
1511 3089 1712 3158 etiam
1755 3088 1870 3179 qui
1915 3086 2299 3158 adiunctam
2328 3090 2458 3160 ha-

230 3193 343 3264 het
369 3216 529 3263 eam
555 3195 983 3286 particulam.
1033 3193 1169 3264 od.
1188 3222 1249 3267 ν.
1283 3189 1459 3267 415.
1485 3202 1562 3261 ut
1585 3193 1862 3284 quidem
1893 3214 2048 3261 cum
2078 3192 2234 3261 cod.
2266 3190 2456 3262 Harl.

229 3298 292 3366 in
313 3308 670 3392 postrema
699 3298 811 3372 ed.
848 3298 1038 3368 dedit
1061 3298 1382 3367 Wolfius.

328 3449 566 3550 ᾤχετο
599 3443 1042 3545 πευσόμενος
1071 3477 1264 3546 μετα
1295 3476 1426 3525 σον
1457 3448 1656 3528 κλέος
1670 3500 1699 3537 ,
1750 3442 1841 3542 ἤν
1865 3472 2008 3519 που
2039 3443 2156 3524 ἔτ
2184 3449 2343 3547 εἴης.

232 3605 401 3674 Nam
427 3613 621 3675 recta
647 3604 864 3674 oratio
914 3604 1126 3692 foret,
1178 3596 1562 3694 πεύθομαι
1594 3597 1685 3697 ἤν
1713 3625 1855 3672 που
1887 3595 1999 3673 ἔτ’
2039 3595 2137 3697 ᾖς.
2243 3600 2454 3687 Quod

233 3709 321 3798 si,
371 3719 448 3778 ut
473 3709 728 3801 vulgo,
781 3710 856 3782 εἴ
887 3733 1029 3780 που
1073 3702 1187 3782 ἔτ’
1223 3708 1369 3801 εἴης
1394 3704 1738 3788 scribitur,
1792 3702 1919 3770 erit
1957 3701 2029 3771 id
2064 3712 2252 3773 recta
2297 3727 2452 3773 ora-

233 3812 405 3882 tione
432 3806 819 3904 πεύθομαι
848 3812 924 3884 εἴ
943 3836 1087 3884 που
1116 3804 1234 3884 ἔτ’
1262 3804 1349 3884 εἷ.
1452 3806 1646 3881 Iliad.
1680 3812 1754 3900 β.
1791 3803 1964 3875 597.

331 3964 596 4038 στεῦτο
649 3957 789 4060 γάρ
843 3958 1232 4057 εὐχόμενος
1281 3961 1692 4058 νικησέμεν,
1749 3960 1950 4056 εἴπερ
2003 3957 2097 4033 ἄν
2149 3954 2372 4032 αὐταὶ

333 4069 641 4141 Μοῦσαι
706 4062 1044 4141 ἀείδοιεν.

235 4220 406 4288 Nam
431 4228 619 4289 recta
645 4219 860 4289 oratio
894 4230 1032 4310 est,
1084 4210 1392 4317 νικήσω,
1443 4213 1671 4315 ἥνπερ
1703 4210 1923 4287 αὐταὶ
1953 4211 2268 4288 Μοῦσαι
2300 4207 2454 4285 ciel-

239 4323 464 4397 δωσιν.
519 4351 568 4398 ι.
604 4321 776 4392 304.

335 4461 460 4535 νῦν
477 4454 619 4559 γάρ
637 4488 682 4552 χ
694 4454 713 4478 ’
734 4457 1014 4559 Ἕκτορ
1028 4455 1047 4478 ’
1078 4462 1291 4549 ἕλοις,
1310 4453 1463 4531 ἐπεὶ
1477 4453 1568 4529 ἄν
1580 4443 1783 4549 μάλα
1804 4476 1926 4526 τοι
1946 4445 2203 4542 σχεδόν
2217 4451 2451 4526 ἔλθοι.

1871 4569 1943 4640 Κ
1984 4569 2034 4638 2
