3259 5275
859 465 1445 528 INGREDIBILIVM
1489 466 1713 528 LIBER
1758 467 2060 532 PRIMVS.
2432 473 2566 539 m
2695 483 2702 488 ’

560 656 744 728 ΧΧΙ.
817 657 894 726 Ρ.
929 653 1052 728 67.
1104 656 1722 743 „Demosthenica
1754 680 1814 725 c.
1855 655 2225 728 Aristoer‘.
2265 683 2345 753 p.
2381 658 2559 744 621,

351 761 425 830 8.
465 782 575 853 sq.
629 761 746 834 ed.
803 760 1049 831 Reisk.
1100 759 1502 852 Dionysius
1540 760 1787 842 Halic.
1837 762 1932 831 de
1974 763 2299 856 Compos.
2337 762 2580 834 Ver&

335 888 420 959 p.
456 863 625 932 194.
682 864 791 933 sic
828 862 1089 933 habet:
1141 864 1306 958 περὶ
1346 856 1619 936 τούτου
1665 862 1918 946 τοίνυν
1960 863 2118 939 ἐστι’
2145 892 2277 957 μοι
2307 864 2558 941 ἅπασα

351 961 651 1062 σπουδή.
761 966 960 1064 Quid
1004 967 1195 1035 illud
1249 962 1558 1039 volvor?
1606 1053 1609 1054 ⁷
1679 964 1968 1038 Orator
2023 968 2318 1039 videtur
2363 971 2556 1040 scri-

336 1071 621 1165 psisse:
690 1070 853 1165 περὶ
891 1064 1160 1143 τούτου
1193 1068 1352 1141 ἐστι’
1388 1096 1519 1159 μοι
1572 1066 1820 1142 ἅπασα
1858 1098 1899 1166 η
1937 1067 2232 1169 σπουδή.
2252 1078 2294 1116 “
2397 1074 2556 1143 Re-

348 1175 546 1268 petiit
589 1172 765 1241 hanc
815 1174 1265 1242 coniecturam
1311 1174 1377 1240 in
1418 1172 1707 1241 editione
1748 1173 1898 1242 libri
1936 1175 2142 1262 iuius,
2196 1176 2303 1242 cui
2330 1174 2533 1246 Mele

347 1287 599 1348 tenuata
636 1276 963 1363 adiunxit,
1009 1302 1076 1370 p.
1115 1275 1287 1343 380.
1376 1273 1764 1367 Oportebat
1795 1299 1957 1345 vero
1995 1301 2129 1346 non
2159 1279 2373 1349 fidere
2401 1282 2550 1349 vul-

344 1394 551 1475 gatae
589 1382 997 1473 scripturae,
1046 1380 1171 1449 sed
1213 1379 1520 1447 conferre
1547 1380 1899 1462 ΑἰιΙίιιιιιιι,
1945 1383 2010 1449 ἰιι
2054 1404 2189 1472 qua
2236 1405 2371 1451 non
2397 1383 2552 1455 τοί-

348 1513 501 1570 νυν,
541 1483 662 1553 sed
693 1486 819 1555 νῦν
855 1495 973 1557 est.
1029 1483 1171 1553 Sed
1203 1494 1480 1566 constat,
1536 1505 1690 1550 eum
1720 1494 1788 1551 et
1814 1485 1931 1551 illo
1964 1486 2031 1552 in
2061 1485 2234 1553 libro
2263 1484 2554 1572 edendo,

347 1600 416 1658 et
460 1588 850 1681 saepissime
889 1590 957 1655 in
1004 1588 1081 1656 iis
1124 1609 1299 1678 quae
1342 1585 1747 1656 emendandi
1799 1611 2036 1656 caussa
2081 1587 2318 1674 affert,
2369 1591 2553 1660 anti-

345 1716 517 1785 quos
539 1692 743 1760 libros
768 1692 1104 1784 inspicere
1131 1689 1569 1783 dedignatum
1602 1714 1768 1761 esse.

553 1845 770 1913 XXII.
855 1845 935 1915 Ρ.
971 1841 1093 1916 68
1173 1842 1423 1924 „Tale
1472 1849 1715 1938 por'r'o
1778 1841 2164 1938 Euripidis
2237 1847 2321 1916 δι
2310 1839 2551 1942 ςθνή-

343 1977 585 2024 mmv,
642 1947 739 2017 ab
790 1949 950 2042 ipso
1010 1945 1415 2048 Scaligero
1453 1970 1607 2041 pro
1660 1943 1990 2016 barbaro
2039 1944 2403 2032 habitum,
2459 1947 2555 2017 de

342 2076 486 2146 quo
532 2053 880 2122 iudicium
934 2039 1252 2120 Porsoni
1304 2050 1771 2145 cupidissime
1821 2059 2180 2144 exspecto.
2198 2055 2240 2092 ‘⁶
2324 2049 2551 2136 Quid-

342 2156 507 2248 quid
562 2157 650 2224 de
703 2179 787 2224 eo
841 2155 1113 2236 sentiret
1154 2155 1531 2241 Personas,
1595 2178 1732 2223 non
1778 2154 2134 2223 videbatur
2183 2154 2347 2222 mihi
2399 2176 2552 2222 mo-

340 2258 563 2329 venda
592 2284 739 2330 esse
765 2282 898 2329 vox
929 2258 1183 2327 munita
1212 2258 1539 2348 obsequio
1587 2260 1729 2328 eius
1766 2259 1883 2349 qui
1917 2257 2222 2361 Rhesum
2268 2253 2547 2349 scripsit.

546 2397 813 2487 XXIII„
857 2397 934 2464 P.
964 2394 1086 2466 73.
1138 2392 1602 2489 „Xenophon
1646 2394 1721 2466 in
1767 2393 2038 2478 ‚Oecom
2106 2394 2179 2463 V.
2217 2393 2289 2461 4.
2341 2394 2649 2475 vide-19

340 2510 466 2571 tm·
517 2501 941 2594 scripsisse.
931 2525 946 2542 ·
1020 2499 1138 2571 καὶ
1181 2491 1320 2594 γάρ
1369 2503 1446 2572 ἐν
1491 2499 1599 2594 τῷ
1656 2491 1860 2594 χώρῳ
1908 2496 1998 2580 ὥς
2039 2502 2116 2571 ἐν
2161 2497 2268 2592 τῷ
2308 2497 2543 2589 ἄστει,

338 2600 452 2678 ἀεὶ
498 2633 555 2678 κ.
600 2632 664 2677 τ.
710 2609 834 2677 λ.“
951 2602 1305 2696 Agricolas
1351 2600 1708 2671 adsuefieri
1765 2603 1986 2695 primo
2028 2622 2227 2670 mane
2271 2623 2550 2695 surgere

336 2709 591 2777 docens
605 2706 1028 2836 Xenophon
1073 2706 1248 2774 haec
1299 2704 1518 2776 addit.
1569 2705 1690 2778 και
1727 2731 1866 2800 γαρ
1913 2709 1991 2779 ἐν
2040 2704 2148 2800 τῷ
2187 2698 2391 2801 χώρῳ
2429 2705 2548 2777 καὶ

336 2818 417 2885 ἐν
444 2814 550 2907 τῷ
582 2809 786 2883 ἄστει
821 2807 936 2883 oisc
972 2810 1050 2884 ἐν
1078 2835 1229 2905 ωρᾳ
1257 2814 1338 2881 αἱ
1368 2801 1975 2904 ἐπικαιριιᾶταται
2016 2799 2303 2899 πραξεις
2350 2808 2547 2882 &coiv-

333 2919 674 3009 Apertum
725 2923 858 3001 est,
912 2911 1296 3034 corrigendi
1345 2913 1598 2981 nullam
1641 2935 1948 2981 caussam
1987 2934 2168 2984 esse:
2220 2933 2375 2978 nam
2408 2910 2546 2979 duo

333 3021 449 3087 illa
490 3019 607 3091 καὶ
641 3016 731 3086 ad
766 3041 839 3087 se
867 3016 1154 3086 invicem
1190 3016 1599 3085 referuntur.
1668 3017 1769 3084 sin
1800 3022 2064 3105 tamen,
2116 3036 2273 3083 usus
2311 3013 2544 3103 requi-

332 3133 551 3209 reret,
605 3121 793 3214 quod
836 3119 1262 3190 Schneidero
1304 3119 1373 3188 in
1405 3127 1701 3188 mentem
1740 3117 1960 3206 veuit,
2027 3112 2251 3209 ὥςπερ
2302 3114 2421 3189 καὶ
2466 3121 2541 3189 ἐν

331 3225 443 3321 τῷ
487 3224 717 3298 ἄστει.
821 3225 1183 3293 Praeterea
1230 3244 1385 3290 cum
1426 3220 1899 3315 Xenophontis
1929 3219 2111 3288 libris
2154 3218 2351 3286 etiam
2380 3218 2543 3288 Sto-

330 3331 543 3400 baeus
579 3328 923 3399 consentit.

537 3464 787 3535 XXIV.
837 3465 919 3539 P.
954 3458 1079 3535 Ἡ.
1134 3462 1205 3529 ἱιι
1231 3458 1661 3554 Sophocleae
1689 3457 1918 3548 Tyrus
1947 3458 2332 3550 fragmento
2358 3458 2542 3549 apud

327 3571 591 3641 Aelian.
623 3570 717 3638 H.
751 3572 834 3639 A.
865 3567 986 3638 xl.
1016 3563 1137 3636 18.
1190 3564 1307 3632 ubi
1339 3564 1428 3633 de
1463 3586 1639 3654 equa
1673 3571 1810 3647 est,

433 3711 848 3781 σπασθεῖσα
904 3698 976 3777 δ
1015 3707 1091 3775 ἐν
1138 3700 1441 3794 λειμῶνι
1484 3697 1866 3793 ποταμίων
1909 3696 2192 3780 ποι-ὥν,

324 3864 383 3930 si
441 3859 589 3952 quis
650 3859 780 3928 sibi
841 3856 1168 3949 largiatur
1186 3902 1208 3939 ,
1287 3853 1577 3946 primam
1634 3853 1899 3922 literam
1974 3857 2200 3919 natam
2258 3870 2407 3917 esse
2455 3871 2540 3917 ex

324 3965 565 4034 ultima
612 3962 797 4032 vocis
843 3979 1327 4056 praegressae,
1392 3957 1526 4048 (ea
1558 3979 1695 4027 vox
1736 3965 1840 4027 est
1878 3952 2072 4044 ὕπο)
2121 3952 2187 4024 ei
2217 3975 2291 4021 se
2337 3951 2538 4021 facile

321 4124 807 4195 P⁶¹⁸¹¹³⁸¹¹fflm
870 4099 1034 4169 ‘¹¹⁰¹‘
1092 4104 1165 4163 ¹¹⁶
1222 4095 2047 4191 c‘n'zxceetcbs
2126 4097 2420 4159 mutetur
2467 4090 2537 4158 in

331 4244 1113 4332 Twoxeelcz„
1250 4229 1428 4295 Eam
1483 4234 1668 4294 recte
1730 4224 2005 4314 quidem
2054 4225 2262 4320 longe
2312 4225 2535 4295 mmo-

321 4385 471 4432 rem
505 4361 908 4432 medicinam
954 4386 1159 4454 quam
1195 4362 1518 4433 Brunckii
1536 4413 1557 4450 ,
1610 4356 1934 4459 κύρσασα
1969 4361 2314 4431 scribentis
2331 4409 2353 4446 ‚
2408 4383 2529 4430 vo-

308 4475 467 4536 xcat:
551 4464 673 4536 sed
739 4466 904 4536 mihi
979 4479 1206 4538 tamen
1286 4467 1622 4537 medicina
1700 4466 1899 4534 etiam
1968 4464 2085 4533 illo
2166 4465 2531 4540 πλαθεῖσα
