3259 5275
721 475 809 538 ’14
1410 469 1527 533 DE
1571 467 2125 531 PARTICVLA
2169 464 2267 535 ἃν

719 671 1032 754 tempore
1061 661 1376 755 intellig-i,
1428 681 1510 730 ex
1530 684 1631 730 ‘eo
1673 681 2096 754 cognoscere
2121 661 2278 730 licet
2309 660 2476 754 quid
2513 660 2942 732 statuendum

722 767 810 835 sit
838 765 926 834 de
960 765 1428 859 Aristophanis
1460 765 1665 833 loco
1646 788 1713 833 m
1739 765 2005 837 Eccles.
2038 763 2211 836 14⁰.

927 917 1048 991 καὶ
1096 947 1183 1013 νη
1238 917 1392 993 Δία
1445 913 1833 992 σπένδουσί
1880 914 1953 1011 γ’
2004 916 2052 1014 ἢ
2100 916 2300 999 τίνος
2349 911 2564 1039 χάριν

928 1016 1262 1097 τοσαῦτά
1308 1017 1387 1113 γ’
1442 1017 1770 1111 εὔχοντ’,
1824 1023 2024 1119 εἴπερ
2080 1016 2272 1102 οἶνος
2320 1049 2425 1118 μη
2479 1020 2762 1150 naoth}

721 1172 1070 1244 Audacius
1104 1185 1173 1243 et
1210 1175 1525 1244 temerius
1560 1171 1773 1242 edidit
1803 1173 2184 1243 Brunckius
2208 1225 2228 1261 ‚
2286 1173 2335 1297 ἢ
2364 1172 2560 1256 τίνος
2601 1172 2694 1245 ἂν
2732 1166 2947 1269 χάριν

720 1274 1035 1351 τοσαῦτ’
1078 1271 1495 1369 ἐπεῦχοιντ’
1499 1328 1515 1345 .
1620 1277 1784 1347 Ald.
1824 1275 2133 1350 τοσαῦτ’
2164 1270 2544 1368 ἐπεύχοντ’
2547 1329 2563 1344 .
2668 1277 2950 1345 Raven-

720 1404 842 1448 nas
878 1376 1190 1455 τοσαῦτ’
1231 1376 1546 1470 εὔχοντ’.
1651 1381 1760 1448 Ex
1808 1380 1963 1448 cod.
2005 1380 2281 1449 Monac.
2325 1379 2514 1473 apud
2552 1380 2950 1449 Dobraeum

720 1484 1112 1552 adnotatum
1159 1480 1469 1557 τοσαῦτ’
1527 1479 1791 1573 ἔχοντ’.
1893 1483 2093 1552 Patet
2142 1507 2342 1571 vero,
2412 1479 2706 1573 εὔχοντ’
2756 1482 2951 1564 illud,

718 1588 774 1657 si
808 1589 956 1676 quis
988 1587 1064 1656 id
1100 1584 1404 1676 εὔχοντο
1440 1610 1588 1656 esse
1612 1596 1832 1680 putat,
1876 1588 2062 1655 nullo
2092 1587 2303 1655 modo
2329 1587 2711 1679 significare
2741 1609 2952 1678 posse

706 1700 1227 1784 precarentur.
1332 1690 1566 1774 Quare
1618 1700 1736 1758 aut
1791 1699 1893 1758 est
1931 1688 2314 1779 εὔχονται,
2382 1700 2532 1777 aut,
2586 1690 2644 1758 si
2689 1690 2950 1782 imper-
3050 1760 3060 1771 ,

716 1795 974 1864 fectum
1003 1804 1139 1883 est,
1193 1793 1392 1861 scribi
1420 1793 1628 1862 debet
1652 1788 1965 1866 τοσαῦτ’
1996 1792 2088 1864 εἲν
2120 1789 2428 1884 εὔχοντ’.

922 1897 1256 1967 Adiiciam
1299 1896 1441 1985 his,
1492 1905 1567 1965 ut
1601 1917 1742 1965 non
1781 1895 1917 1964 huc
1941 1897 2284 1989 pertinere
2320 1918 2670 1984 moneam,
2722 1896 2954 1965 locum

716 2000 940 2072 Aiacis
966 2025 1030 2072 v.
1060 1997 1232 2071 183.

924 2152 1199 2229 οὔποτε
1250 2145 1391 2248 γοῖρ
1446 2145 1814 2250 φρενόθεν
1864 2147 1938 2247 γ’
1990 2148 2110 2227 ἐπ’
2164 2144 2514 2250 ἄρισεροῖ,

922 2263 1064 2330 παῖ
1115 2255 1578 2348 Τελαμῶνος,
1634 2256 1806 2348 ἔβας

921 2354 1239 2449 τόσσον,
1292 2362 1371 2432 ἐν
1422 2363 1770 2450 ποιμναῖς
1817 2349 2116 2430 πιτνῶν.

716 2510 1171 2583 Blomfieldus
1216 2511 1306 2579 ad
1353 2510 1683 2601 Aeschyli
1715 2511 1899 2579 Pers,
1939 2507 2115 2578 871.
2163 2507 2255 2583 ἄν
2287 2508 2717 2577 inserendum
2744 2517 2953 2601 puta-

714 2618 856 2692 bat.
958 2616 1055 2686 At
1101 2615 1277 2684 illud
1331 2638 1466 2685 non
1522 2614 1596 2683 in
1640 2613 1818 2683 hanc
1866 2613 2260 2683 sententiam
2308 2613 2781 2707 accipiendum
2827 2622 2954 2697 est,

713 2744 858 2791 non
900 2720 1012 2790 ita
1043 2718 1503 2805 insaniisses,
1562 2717 1687 2786 sed
1725 2718 1862 2787 hoc
1901 2717 2111 2787 modo
2145 2718 2755 2810 interpretandum:
2809 2739 2954 2787 non

714 2825 905 2895 enim
936 2847 989 2917 a
1017 2845 1214 2894 sana
1242 2831 1485 2891 mente
1524 2821 1637 2892 ita
1680 2821 1790 2891 ad
1803 2844 2171 2916 perversa
2203 2820 2600 2892 aberrasti.

925 2926 1289 2997 Caeterum
1326 2927 1526 2995 etiam
1554 2926 1904 2995 Romanos
1936 2933 2196 2994 constat
2222 2925 2464 2994 eadem
2497 2927 2720 3019 figura
2740 2977 2761 3013 ,
2817 2946 2956 3013 qua

716 3030 970 3100 Graeci
1010 3031 1108 3098 uti
1156 3038 1679 3117 consueverunt,
1731 3029 1800 3096 in
1839 3052 1931 3101 re.
1963 3030 2324 3122 praeterita
2372 3029 2771 3097 indicativos
2818 3050 2954 3120 pro

713 3135 1149 3203 coniunctivis
1195 3156 1541 3226 usurpare.
1649 3133 1826 3202 Satis
1868 3132 2096 3201 habeo
2138 3132 2225 3200 de
2269 3132 2571 3223 plurimis
2603 3154 2812 3201 unum
2842 3131 2953 3199 af-

711 3238 893 3309 ferre
924 3237 1332 3330 exemplum.
1438 3236 1762 3305 Horatius
1799 3235 2026 3307 Carm.
2056 3236 2144 3303 11.
2171 3235 2292 3324 17,
2322 3234 2441 3304 28.

1043 3411 1163 3459 me
1215 3398 1520 3460 truncus
1571 3389 1885 3484 illapsus
1932 3386 2235 3458 cerebro

1129 3493 1577 3584 sustulerat,
1630 3494 1773 3564 πίει·
1824 3493 2126 3567 Faunus
2176 3492 2398 3562 ictum

973 3595 1252 3667 dextra
1302 3597 1641 3669 levasset.

1734 3852 1918 3925 XIV.

717 4001 849 4072 De
896 4002 1435 4078 indicativo
1467 4007 1977 4102 particula
2020 4003 2129 4079 ἄν
2173 3999 2538 4073 ironice
2583 4001 2951 4074 omissa.

920 4156 1232 4248 Denique
1263 4160 1395 4229 alia
1424 4162 1594 4231 ratio
1627 4173 1730 4233 est
1757 4161 2075 4232 orationis
2105 4158 2416 4227 ironicae.
2525 4156 2706 4224 Nam
2739 4180 2951 4247 quum

712 4259 967 4328 ironiae
1007 4262 1092 4330 sit
1106 4312 1129 4349 ‚
1184 4265 1589 4333 contrarium
1622 4268 1876 4358 (licere,
1928 4286 2133 4356 quam
2170 4260 2451 4352 intelligi
2489 4259 2760 4346 debeat,
2811 4286 2947 4331 non

714 4370 817 4432 est
844 4363 1247 4456 obscurum,
1302 4391 1419 4455 ea,
1473 4392 1651 4459 quae
1692 4371 1835 4440 sine
1881 4368 2098 4437 ironia
2141 4388 2298 4433 cum
2337 4360 2672 4456 particula
2712 4364 2806 4439 ἄν
2840 4366 2946 4437 di·
3007 4434 3014 4443 .

717 4466 934 4537 cenda
969 4480 1218 4558 essent,
1271 4473 1325 4541 si
1354 4473 1607 4543 ironice
1639 4476 1970 4562 (licuntur,
2026 4491 2259 4540 carere
2293 4467 2548 4547 debere
2592 4471 2942 4561 particula.
