3259 5275
808 492 938 556 340
1310 485 1901 548 messmssmvm
1947 486 2174 549 unm
2221 443 2526 552 Pafflvs

808 686 880 751 in
913 679 1142 750 lndice
1185 700 1248 746 v.
1287 675 1455 764 κᾶν,
1509 686 1800 770 propter
1840 699 2047 747 ιιιιιιιιι
2093 679 2378 751 verbum
2396 731 2417 769 ,
2468 682 2609 760 sine
2654 684 2838 754 malo
2876 688 3023 755 ani-

809 809 924 855 mo
977 784 1278 877 positum
1324 781 1395 849 in
1449 781 1868 872 praefatione
1922 781 2013 850 ad
2063 782 2310 852 librum
2366 784 2622 881 Vigerii
2639 836 2661 873 ,
2732 787 2822 857 de
2887 813 3023 880 qua

810 891 1012 982 culpa
1065 886 1347 979 exposui
1402 885 1470 953 in
1514 884 1905 953 dissertione
1957 908 2164 976 quam
2216 888 2456 980 scripsi
2509 890 2601 959 de
2643 895 3021 984 transposi-

806 996 989 1063 tione
1028 991 1406 1060 verborum.
1511 988 1682 1057 lude
1724 989 1885 1057 alias
1926 1001 2133 1080 atque
2162 991 2324 1061 alias
2356 994 2652 1063 invenire
2684 995 2808 1062 sibi
2841 997 3020 1066 visus

805 1106 908 1168 est
936 1118 1238 1182 caussas,
1290 1092 1531 1183 quibus
1564 1092 1802 1161 odium
1829 1094 2038 1162 semel
2075 1094 2298 1164 animo
2332 1109 2742 1190 conceptum
2785 1100 3018 1170 aleret.

803 1201 1009 1271 Cuius
1066 1198 1207 1266 odii
1262 1198 1399 1265 vim
1453 1218 1727 1265 omnem
1771 1198 2207 1288 impetusque
2251 1202 2673 1289 quantumvis
2733 1201 3020 1272 indeco-

801 1327 915 1373 ros
932 1357 954 1392 ,
1022 1299 1347 1394 quamdiu
1387 1301 1535 1392 ipse
1588 1301 1770 1368 solus
1824 1302 2151 1392 petebar,
2223 1311 2451 1372 tacens
2509 1327 2736 1396 aequo
2789 1308 3019 1376 animo

802 1407 1106 1478 sustinui:
1158 1405 1277 1473 ubi
1317 1413 1544 1473 autem
1578 1413 1869 1496 propter
1904 1427 2017 1473 me
2052 1404 2254 1475 etiam
2298 1406 2664 1499 discipulos
2709 1432 2903 1478 meos
2949 1421 3021 1480 et

799 1509 1383 1582 vehementissime
1412 1517 1483 1576 et
1507 1508 1927 1577 iniustissime
1962 1519 2066 1578 est
2103 1508 2382 1580 adortus
2397 1561 2419 1598 ,
2463 1521 2830 1604 postquam
2866 1514 3017 1605 ipse

800 1618 865 1712 ei
897 1615 1035 1686 dixi
1073 1613 1148 1682 id
1173 1608 1292 1681 'me
1340 1634 1477 1681 non
1513 1635 1660 1681 esse
1685 1634 2080 1704 passurum,
2133 1614 2236 1683 bis
2265 1623 2454 1684 terve
2487 1615 2578 1684 de
2619 1618 2735 1684 illa
2767 1617 3017 1708 iniqui-

797 1729 935 1789 tate
982 1726 1384 1805 conquestus
1431 1738 1618 1799 sum3
1671 1725 2225 1808 postremumque
2243 1766 2264 1802 ‚
2317 1739 2529 1811 quum
2573 1720 2779 1788 etiam
2821 1743 3014 1789 mor-

796 1834 916 1892 tuo
964 1821 1380 1904 insultasset,
1431 1818 1505 1887 id
1550 1820 1684 1888 feci
1731 1819 1856 1887 illis
1897 1843 2072 1910 quae
2111 1844 2317 1914 supra
2366 1822 2566 1891 allata
2597 1833 2752 1892 sunt
2787 1825 3012 1892 verbis

795 1929 863 1996 in
917 1925 1343 2018 praefatione
1393 1924 1713 1991 Nubium.
1826 1921 1934 1991 Ea
1989 1946 2126 2017 ego
2187 1948 2324 1994 non
2384 1927 2488 1994 ira
2551 1926 3010 2014 debacchans,

791 2040 867 2100 ut
915 2029 1044 2123 ipsi
1082 2029 1296 2096 visum
1336 2036 1464 2113 est,
1537 2026 1810 2118 scripsi,
1863 2026 1989 2096 sed
2039 2037 2187 2120 tam⁸
2219 2029 2637 2099 considerate
2689 2040 2760 2100 et
2809 2032 3009 2124 cog-i-

789 2144 926 2203 tate
946 2186 967 2223 ,
1034 2154 1239 2222 quam
1292 2130 1582 2199 decebat
1634 2131 1752 2221 qui
1797 2131 2051 2199 nullum
2105 2133 2390 2202 verbum
2439 2156 2705 2225 ponere
2755 2136 3008 2202 consfi-

790 2239 1103 2323 tuissem,
1172 2234 1365 2325 quod
1413 2257 1551 2303 non
1603 2233 1967 2324 aliquando
2020 2248 2401 2306 ostensurus
2468 2260 2685 2306 essem
2748 2237 3004 2307 dictum

790 2365 936 2411 esse
963 2341 1321 2409 verissime.
1424 2337 1765 2406 Dolebam
1798 2338 2049 2431 potius,
2101 2340 2291 2430 quod
2325 2363 2483 2410 eum
2516 2342 2754 2429 virum,
2797 2363 3004 2431 quem

789 2445 931 2514 veri
1012 2444 1316 2532 rectique
1390 2442 2043 2512 ‘observantissimum
2132 2467 2279 2513 esse
2355 2443 2824 2530 credidissem,
2920 2468 3001 2513 eo

678 2621 685 2631 ,
788 2571 1004 2640 usque
1055 2545 1404 2641 cupiditati
1455 2569 1615 2615 suae
1655 2544 2011 2639 indulgere
2061 2547 2703 2634 animadverterem,
2774 2558 2851 2616 ut
2900 2549 3002 2616 ni-

785 2652 885 2721 hil
931 2674 1164 2720 earum
1212 2673 1441 2719 rerum
1488 2652 1638 2743 ipse
1693 2651 1779 2719 ab
1823 2674 1897 2719 se
1945 2661 2241 2738 arceret,
2295 2675 2582 2744 quarum
2631 2654 2689 2721 si
2736 2654 2806 2721 in
2858 2653 2999 2721 aliis

784 2756 893 2825 vel
927 2754 1181 2843 aliquid
1231 2753 1798 2846 deprehenderet,
1843 2756 2298 2847 exagitatatus
2340 2767 2519 2826 esset
2547 2756 2998 2828 acerbissime.

782 2859 929 2930 Sed
994 2858 1110 2937 illa
1190 2858 1520 2951 opinabar
1593 2859 1751 2927 satis
1816 2867 2079 2929 mature
2159 2862 2480 2953 cognosci
2496 2908 2517 2944 ‚
2587 2861 2644 2929 si
2705 2869 2998 2951 utroque

780 2972 1080 3033 nostrum
1132 2971 1402 3031 mortuo
1453 2972 2044 3054 cognoscerentur.
2161 2963 2229 3031 N
2231 2987 2362 3031 unc
2411 2987 2577 3034 vero
2591 3014 2613 3051 ,
2678 2964 2998 3054 quoniam

779 3068 927 3159 ipse
975 3075 1211 3160 urget,
1262 3089 1402 3135 non
1448 3067 1689 3135 veritus
1739 3088 1823 3134 ea
1864 3065 2127 3153 dicere,
2178 3089 2356 3156 quae
2395 3069 2463 3136 in
2514 3068 2781 3136 civitate
2816 3068 3030 3137 bene-

780 3171 1089 3240 ordinata
1130 3194 1258 3240 uec
1307 3170 1437 3238 dici
1455 3220 1476 3256 ,
1546 3170 1673 3239 nisi
1714 3169 2172 3238 demonstrata
2188 3222 2210 3262 ‚
2276 3190 2406 3239 nec
2452 3169 2633 3239 dicta
2685 3171 2846 3239 ferri
2892 3171 2995 3240 fas

781 3284 917 3361 est,
977 3275 1116 3343 iam
1156 3297 1313 3345 eum
1359 3274 1639 3366 publice
1694 3282 2010 3365 rogatum
2058 3275 2254 3360 volo,
2315 3283 2391 3342 ut
2438 3297 2617 3364 quae
2661 3275 2794 3342 sint
2836 3274 2996 3343 illae

780 3401 947 3469 quas
1000 3379 1126 3448 sibi
1183 3401 1228 3446 a
1286 3400 1397 3445 me
1445 3377 1660 3446 illatas
1725 3400 1874 3446 esse
1940 3377 2036 3446 ait
2095 3377 2407 3467 iniuriae,
2468 3379 2699 3470 palam
2763 3387 2993 3447 osten-

777 3482 924 3566 dat,
985 3504 1124 3573 quo
1176 3490 1246 3550 et
1283 3481 1449 3549 mihi
1498 3490 1568 3550 et
1615 3481 1757 3550 aliis
1772 3532 1793 3569 ,
1844 3480 2011 3572 quid
2060 3481 2188 3550 sibi
2235 3481 2375 3549 istis
2427 3480 2991 3550 criminationibus

776 3586 935 3653 velit
983 3587 1387 3671 innotescat,
1461 3586 1780 3675 claraque
1829 3585 1899 3652 in
1948 3585 2101 3653 lnce
2151 3584 2532 3674 videamus,
2585 3584 2780 3675 quod
2831 3608 2989 3654 cor-

773 3711 900 3781 pus
968 3712 1269 3779 quasque
1331 3688 1588 3783 figuras
1645 3687 1942 3756 habeant
2013 3697 2284 3780 spectra
2342 3688 2492 3777 illa,
2576 3710 2872 3780 quorum
2922 3689 2989 3757 in

772 3802 912 3859 tam
963 3793 1173 3886 longo
1234 3803 1547 3885 tempore
1610 3792 1805 3883 quasi
1854 3815 1984 3884 per
2031 3791 2348 3861 nebulam
2396 3791 2565 3860 nihil
2613 3792 2986 3882 quidquam

774 3895 895 3963 nisi
947 3897 1266 3967 obscuras
1319 3895 1649 3987 quasdam
1705 3904 1909 3986 atque
1957 3895 2244 3964 incertas
2303 3895 2575 3964 umbras
2626 3897 2984 3988 conspexi-

773 4021 945 4073 mus,
1072 3997 1220 4068 Oro
1284 4011 1509 4070 autem
1560 4001 1779 4075 etiam
1845 4008 2048 4121 atque
2115 4000 2353 4082 etiam,
2431 4007 2509 4067 ut
2570 3999 2798 4091 posita
2860 3998 2984 4067 ali-

723 4103 1163 4194 8quantisper
1210 4103 1313 4171 ira
1362 4104 1708 4194 missisque
1740 4104 2225 4226 querimoniis,
2286 4101 2663 4189 calumniis,
2707 4126 2980 4226 oppro-

773 4206 964 4295 briis,
1035 4207 1485 4294 contumeliis,
1567 4209 1915 4293 conviciis,
1986 4230 2070 4275 ex
2134 4205 2373 4301 quibus
2439 4205 2606 4275 nihil
2661 4208 2784 4276 nisi
2845 4228 2981 4296 quo

770 4310 917 4402 ipse
989 4311 1073 4379 sit
1130 4311 1389 4400 animo,
1460 4335 1598 4380 non
1677 4333 1810 4404 ego
1890 4310 2054 4402 quid
2127 4310 2525 4400 deliquerim
2597 4310 2979 4380 elucescere

769 4422 1024 4504 potest,
1099 4414 1375 4484 tandem
1435 4414 1832 4506 aliquando,
1911 4415 1965 4482 si
2019 4438 2093 4483 se
2156 4414 2374 4482 virum
2430 4414 2688 4483 bonum
2743 4413 2976 4483 haberi

770 4516 942 4603 vult,
1000 4516 1216 4611 facta,
1286 4542 1503 4610 eaque
1542 4542 1738 4607 vera,
1802 4541 1936 4588 non
1985 4530 2108 4587 sua
2148 4517 2218 4586 in
2262 4524 2491 4587 mente
2542 4527 2737 4605 nata,
2788 4539 2973 4586 com·
