3259 5275
793 468 920 535 114
1483 463 1600 527 DE
1646 461 2206 526 PAR'rlchA
2247 459 2347 530 ἂν

997 644 1426 748 &monimum
1455 650 1742 747 τροφᾶς
1770 680 1855 752 κη
1873 697 1923 710 -

998 758 1364 875 dopdvovq,
1416 751 1522 851 ᾰφ
1575 782 1687 876 'cuv
1717 783 1799 830 τε
1834 753 2193 850 βλάστω-

998 886 1156 948 σιν,
1210 853 1348 952 ἀφ’
1380 854 1481 930 ὧν
1512 854 1594 930 τ’
1622 857 1882 932 ὄνασιν
1910 856 2158 953 εὔρω-

1001 988 1115 1050 σι,
1168 955 1342 1035 ‘tad
1375 959 1507 1034 οὐκ
1538 956 1656 1035 ἐπ
1690 964 1848 1042 ἴσας
1874 960 2275 1055 τελοῦμενς

763 1148 770 1155 ’
795 1134 933 1221 Qui
963 1141 1038 1204 ut
1069 1131 1140 1200 in
1170 1129 1398 1224 priore
1425 1130 1583 1200 loco
1611 1130 1840 1201 dicere
1872 1133 2176 1225 potuerit
2207 1124 2305 1205 ὧν
2336 1127 2452 1218 ἄν,
2506 1128 2665 1221 quia
2698 1130 3025 1201 incertum

795 1247 928 1324 est,
979 1258 1150 1327 quos
1192 1236 1340 1326 quis
1383 1245 1452 1303 et
1492 1236 1722 1326 quales
1769 1245 1838 1305 et
1886 1259 2089 1326 quam
2125 1237 2370 1304 multos
2403 1243 2721 1326 procreet
2754 1235 3025 1322 liberos,

792 1350 1038 1428 tamen,
1090 1339 1247 1430 quia
1277 1361 1409 1407 non
1437 1339 1626 1427 illud,
1681 1338 1802 1407 sed
1829 1339 1981 1424 hos,
2022 1339 2138 1430 qui
2166 1349 2315 1408 sunt
2340 1340 2699 1431 prognatiq·
2730 1340 3024 1431 spectari

794 1446 1039 1527 voluit,
1104 1453 1289 1510 recte
1349 1443 1571 1511 omisit
1634 1444 2059 1534 particulam.
2163 1442 2243 1510 In
2301 1443 2514 1510 altero
2575 1451 2802 1510 autem
2868 1444 3027 1510 loco

793 1549 996 1641 plane
1027 1548 1261 1639 inepta
1288 1545 1500 1633 foret,
1557 1546 1716 1637 quia
1744 1546 1857 1614 hic
1897 1546 2172 1616 definite
2210 1546 2523 1614 dicuntur
2560 1545 2641 1633 ii,
2696 1568 2738 1612 a
2778 1546 3025 1636 quibus

795 1653 941 1742 quis
972 1651 1236 1744 genitus
1275 1659 1481 1739 atque
1526 1650 1851 1719 educatus
1881 1652 1994 1738 sit,
2046 1672 2179 1717 non
2204 1651 2652 1740 quicumque,
2706 1673 2748 1716 a
2778 1649 3025 1739 quibus

791 1755 1090 1847 potuerit
1126 1753 1456 1846 originem
1491 1752 1767 1825 ducere.
1874 1753 1991 1822 Sic
2016 1749 2212 1821 etiam
2242 1754 2310 1820 in
2343 1752 2599 1825 Trach.
2630 1749 2801 1823 251.

1626 1921 1769 1996 τοῦ
1803 1917 2022 2014 λόγου
2056 1919 2132 1995 δ’
2172 1918 2261 1996 οὐ
2291 1914 2432 2019 χρῆ
2464 1915 2798 2017 φθόνον,

1001 2017 1184 2121 γυνή
1193 2078 1222 2113 ,
1276 2028 1646 2119 προςεΐναι
1663 2077 1692 2114 ,
1748 2020 2004 2107 Zeno*
1959 2053 2139 2101 στου
2170 2020 2511 2123 πράκτωρ
2547 2026 2763 2123 φανῇ.

793 2196 920 2265 Est
951 2194 1128 2265 enim
1172 2216 1310 2263 non
1357 2192 1445 2261 de
1485 2195 1758 2284 quavis,
1812 2195 1935 2264 sed
1967 2195 2055 2263 de
2100 2203 2283 2263 certa
2319 2217 2393 2261 re
2438 2216 2702 2279 sermo,
2758 2195 2849 2264 de
2880 2219 3027 2266 ser-

794 2300 951 2368 vitio
982 2298 1292 2366 Herculis
1323 2295 1510 2388 apud
1548 2295 1962 2390 Omphalen.
2021 2298 2274 2368 Contra
2304 2298 2372 2366 in
2405 2295 2585 2371 Oed.
2620 2299 2712 2372 R.
2748 2295 2930 2373 580.

998 2462 1109 2540 ὀῖν
1136 2464 1188 2563 ᾖ
1221 2467 1537 2540 θέλουσα
1552 2521 1581 2556 ,
1636 2459 1863 2541 πάντ’
1900 2466 2090 2560 ἐμοῦ
2115 2464 2521 2560 κομίζεται,

795 2661 931 2707 non
979 2637 1205 2729 potuit
1253 2635 1469 2707 omitti
1507 2638 1876 2730 particula:
1939 2663 2079 2708 non
2120 2634 2301 2707 enim
2342 2637 2538 2727 dicit,
2611 2640 2858 2710 omnia
2909 2664 3023 2732 ea,

798 2763 989 2834 quae
1020 2742 1332 2812 voluerit
1354 2791 1375 2827 ‚
1430 2765 1479 2809 a
1511 2764 1625 2811 me
1659 2743 2049 2837 impetrat,
2102 2743 2262 2833 quia
2303 2764 2440 2809 non
2475 2741 2565 2810 de
2593 2765 2669 2811 re
2699 2747 3025 2839 quapiam

796 2854 982 2914 certa
1026 2845 1313 2938 cogitat,
1364 2867 1570 2934 quam
1611 2858 1935 2939 rogatura
1995 2848 2081 2916 sit
2126 2846 2424 2931 Iocasta,
2478 2845 2603 2914 sed
2651 2846 2742 2917 de
2791 2870 2918 2935 eo,
2968 2849 3026 2918 si
3146 2857 3156 2872 ‘

794 2948 961 3040 quid
1005 2959 1241 3041 roget,
1313 2948 1641 3039 quidquid
1700 2952 1798 3019 sit.
1905 2952 2013 3020 Ne
2064 2960 2325 3035 tamen,
2409 2950 2729 3038 quoniam
2786 2950 2906 3021 hic
2957 2962 3027 3022 et

793 3052 1015 3121 multis
1048 3054 1117 3120 in
1162 3052 1479 3122 similibus
1529 3054 1694 3122 locis
1749 3052 1826 3134 ὃς
1873 3052 1965 3127 «ἰν
2015 3063 2200 3123 recte
2237 3053 2516 3121 vertitur
2570 3054 3026 3149 quicumque,

791 3155 864 3224 id
907 3156 1161 3246 ubique
1199 3156 1294 3224 ita
1339 3178 1486 3225 esse
1532 3157 1985 3248 efisumetur3
2031 3155 2397 3226 tenendum
2441 3164 2584 3239 est,
2636 3181 2847 3251 saepe
2887 3161 3027 3229 vim

792 3258 988 3329 huius
1026 3260 1394 3352 particulae
1424 3261 1614 3328 aliter
1654 3263 1955 3354 exprimi
1968 3262 2259 3378 debere.
2311 3270 2386 3328 ut
2416 3259 2487 3326 in
2509 3258 2880 3335 Ai.1o85.

1001 3427 1122 3502 καὶ
1169 3456 1274 3526 μη
1330 3430 1696 3524 δοκωμεν,
1759 3426 2132 3554 dewy-tec‘
2131 3427 2224 3502 ἂν
2277 3421 2653 3522 ηδαίμεθα,

1001 3527 1132 3606 οὐκ
1186 3529 1585 3607 ἀντιτίσειν
1639 3527 1856 3612 αὖθις
1905 3529 2018 3605 ’ἄν
2069 3525 2496 3626 λυπαῖμεθα.

792 3722 926 3771 nec
953 3711 1316 3795 putemus,
1347 3702 1728 3799 facientes
1772 3725 1962 3794 quae
1981 3701 2203 3795 sorte
2238 3700 2566 3771 iucunda
2602 3697 2823 3790 nobie
2850 3702 3023 3794 sint,

792 3828 936 3874 non
979 3828 1137 3875 ease
1174 3829 1308 3876 nos
1339 3828 1827 3901 perpessuros
1863 3815 2169 3899 postea,
2227 3804 2643 3898 quaesorte
2675 3827 2824 3875 non
2877 3809 3025 3878 sint

793 3909 1138 3978 iucunda.
1185 3911 1532 3979 Simillima
1551 3910 1851 3980 eiusdem
1875 3919 2130 4003 poetae
2142 3910 2466 3978 sententia
2492 3919 2594 3977 est
2617 3910 2701 3978 fr,
2730 3910 2862 3979 inc.
2903 3910 3021 3983 14.

1001 4084 1200 4174 φιλεῖ
1250 4080 1326 4153 δὲ
1379 4074 1650 4203 πολλήν
1703 4079 2029 4172 γλῶσσαν
2081 4081 2322 4168 ἐκχέας
2369 4071 2617 4174 μα’την

1000 4179 1190 4255 ἄκων
1243 4176 1534 4255 ἀκούειν
1587 4180 1711 4263 οὓς
1762 4175 1939 4255 ἑκων
1993 4184 2156 4280 εἴπῃ
2209 4176 2480 4275 λόγους.

793 4349 950 4419 Non
979 4350 1159 4420 enim
1185 4349 1300 4419 hic
1335 4350 1695 4445 quidquid
1723 4350 2019 4439 dixerit,
2072 4352 2197 4421 sed
2221 4350 2416 4422 illa
2388 4372 2558 4443 tpaa
2580 4371 2784 4442 quae
2810 4349 3024 4421 dixe-

797 4452 899 4524 rit
923 4455 1203 4548 intelligi
1231 4453 1522 4527 volebat.
1619 4453 1737 4525 Sic
1763 4477 1847 4526 ex
1878 4454 2244 4526 Plutarcho
2282 4456 2352 4526 in
2395 4455 2572 4525 libro
2604 4454 2693 4526 de
2738 4456 3025 4526 utilitate
