3259 5275
724 468 814 534 ω
1420 462 1542 523 ΒΕ
1583 459 2136 522 ΡΑιῑτιονιΔ
2176 456 2273 526 ἂν

732 656 947 750 Greg.
978 653 1135 726 Cor.
1165 673 1237 747 Ρ.
1268 649 1394 724 66.
1444 651 1833 723 Nominavit
1856 659 2083 722 tamen
2108 650 2389 722 eosdem
2410 653 2636 724 Aetius
2666 654 2758 726 ad
2786 654 2951 725 Pla-

726 773 955 831 tonem
992 758 1081 826 de
1112 759 1339 851 Legg.
1383 780 1458 852 p.
1502 751 1676 826 358.
1779 756 1965 828 Addi
1999 764 2292 849 possunt
2322 755 2573 827 Coraes
2610 758 2703 827 ad
2743 759 2952 830 Isocr.

728 869 802 957 p.
830 857 1002 931 155.
1032 870 1101 929 et
1137 860 1524 930 Lobeckius
1554 860 1646 928 ad
1680 858 1933 951 Phryn.
1961 882 2033 954 p.
2061 858 2237 928 733.
2277 883 2419 952 seq.
2523 860 2670 932 Sed
2700 864 2954 934 rectius

731 965 1430 1036 commemorabuntur
1447 962 1883 1032 Heindorfius
1911 961 2001 1032 ad
2026 963 2323 1032 Platonis
2342 963 2694 1035 Phaedon.
2724 989 2799 1058 p.
2823 963 2947 1037 22.

729 1079 799 1140 et
826 1070 1176 1138 Werferus
1202 1068 1271 1136 in
1298 1068 1487 1136 Actis
1516 1066 1790 1136 Monac.
1817 1053 1875 1138 Ἰ.
1904 1090 1977 1159 Ρ.
2017 1064 2187 1134 193.
2219 1065 2391 1138 248.
2426 1063 2598 1138 252.
2682 1069 2952 1155 Quibus

726 1174 844 1265 qui
872 1195 1091 1263 nuper
1120 1172 1402 1240 accessit
1433 1170 1773 1262 Reisig-ius
1806 1170 1877 1238 in
1905 1171 2468 1239 commentatione
2498 1171 2588 1241 de
2615 1174 2953 1265 particula

698 1276 822 1352 ,ἄν
859 1299 932 1368 Ρ.
970 1274 1093 1344 99.
1142 1298 1282 1363 seq.
1318 1296 1530 1364 quum
1571 1274 1640 1342 in
1683 1274 1977 1342 animum
2009 1272 2408 1358 induxisset,
2458 1277 2793 1367 particula
2831 1276 2954 1346 illa

725 1380 1076 1448 veritatem
1104 1378 1202 1446 rei
1231 1373 1456 1447 extolli
1489 1378 1737 1468 potius,
1791 1375 2327 1469 quam-deprimi,
2369 1377 2519 1445 fieri
2542 1400 2679 1448 non
2703 1381 2950 1471 potuit,

726 1482 888 1573 quin
921 1481 1282 1574 proferret,
1320 1502 1494 1569 quae
1518 1503 1763 1550 vereor
1792 1488 1867 1548 ut
1895 1479 2118 1548 multis
2145 1480 2571 1571 persuadeat.
2617 1482 2950 1552 Indicabo

724 1586 1024 1679 primum
1070 1584 1327 1674 aliquot
1373 1584 1561 1652 locos
1598 1583 1974 1652 adiectione
2002 1583 2377 1674 particulae
2409 1585 2518 1653 vel
2546 1584 2635 1653 ab
2659 1583 2948 1655 librariis

724 1689 895 1766 vela
922 1687 1164 1756 criticis
1197 1687 1624 1779 depravatos,
1654 1687 1856 1755 Arist.
1884 1686 2061 1754 Ach.
2091 1683 2265 1754 392.
2303 1689 2431 1755 Av.
2452 1685 2628 1756 832.
2659 1689 2944 1780 Lysistr.

723 1788 899 1860 542.
917 1791 1004 1859 de
1018 1813 1157 1881 quo
1171 1791 1325 1859 loco
1342 1788 1497 1857 vide
1513 1790 1892 1882 Reisig-ium
1904 1812 1977 1880 p.
1999 1786 2141 1857 1⁰1
2153 1846 2169 1861 .
2195 1789 2338 1856 etin
2359 1788 2659 1859 Coniect.
2675 1814 2749 1884 p.
2768 1792 2945 1866 177.
3082 1810 3088 1816 “

724 1891 899 1963 188.
944 1916 1024 1962 ac
1065 1915 1188 1961 nos
1231 1892 1322 1961 ad
1360 1891 1536 1961 Oed.
1583 1891 1732 1963 Col.
1768 1889 1988 1960 1454.
2040 1892 2297 1962 Platon.
2331 1892 2622 1963 Phaedr.
2666 1919 2737 1988 p.
2770 1893 2942 1964 231.

721 1997 809 2069 D.
842 1996 1242 2088 Antiphont.
1271 2020 1343 2089 p.
1374 1992 1497 2063 34.
1552 1992 1761 2086 (674.
1798 1993 2067 2085 Reisk.)
2131 1993 2341 2087 Apud
2369 1995 2742 2067 Isocratem
2769 2021 2948 2088 quae

716 2101 1039 2192 'exempla
1066 2107 1357 2186 exstant,
1410 2121 1620 2189 quum
1654 2099 1724 2166 in
1765 2097 1918 2166 cod.
1951 2098 2186 2168 Vrbiu.
2213 2098 2443 2167 omnia
2487 2102 2752 2172 sublata
2796 2103 2945 2190 sint,

722 2204 1014 2273 dubitari
1036 2210 1266 2295 potest
1298 2224 1386 2268 an
1419 2201 1490 2269 id
1515 2202 1967 2292 grammaticis
1992 2210 2349 2293 acceptum
2367 2202 2684 2293 feramus,
2735 2229 2946 2298 prae·-

721 2308 951 2378 sertim
968 2327 1190 2396 quum
1218 2303 1436 2372 codex
1467 2304 1582 2372 ille
1600 2305 1780 2396 ipsas
1798 2304 2113 2373 exhibeat
2137 2305 2657 2396 subscriptiones
2687 2299 2950 2396 eorumJ

717 2412 837 2502 qui
878 2408 1211 2478 orationes
1252 2407 1411 2474 istas
1450 2407 1998 2498 recognoverint:
2052 2407 2209 2474 vide
2237 2406 2539 2476 Bekkeri
2585 2409 2947 2480 editionem

718 2537 792 2605 p.
832 2511 951 2581 15.
992 2509 1111 2581 31.
1145 2507 1317 2582 277.
1352 2505 1524 2577 297.
1559 2507 1728 2578 312.
1764 2506 1939 2581 4⁰1.
2008 2508 2155 2579 Sed
2185 2519 2551 2600 utcumque
2582 2513 2677 2581 illi
2706 2521 2942 2607 gram-

716 2616 943 2686 matici
959 2638 1089 2708 pro
1119 2635 1241 2683 suo
1270 2612 1546 2682 arbitrio
1558 2613 1945 2683 refinxerint
1969 2612 2355 2698 Isocratem,
2406 2624 2633 2687 tamen
2659 2618 2943 2709 quibus-

716 2721 878 2789 dam
909 2719 1152 2788 saltem
1190 2717 1258 2785 in
1294 2716 1462 2786 locis
1495 2717 1822 2786 librorum
1857 2716 2000 2785 fide
2031 2718 2362 2809 expulisse
2399 2719 2597 2789 istam
2631 2730 2946 2791 constru-

598 2830 605 2837 '
717 2825 1009 2892 ctionem
1049 2820 1403 2907 videntur,
1454 2828 1531 2888 ut
1568 2821 1639 2888 in
1671 2821 1931 2912 Areop.
1975 2815 2097 2893 85.
2133 2815 2205 2915 §.-
2235 2819 2357 2895 89.
2386 2842 2460 2912 Ρ.
2491 2820 2664 2892 211.
2716 2822 2940 2914 (244.

713 2925 971 3019 Lang.)
1025 2932 1097 2992 et
1130 2923 1200 2991 in
1225 2922 1524 3014 Trapez.
1559 2921 1681 2991 21.
1713 2919 1784 3018 §.
1810 2920 1933 2992 51.
1960 2947 2031 3015 Ρ.
2059 2918 2231 2990 528.
2285 2922 2508 3019 (639)
2538 2924 2658 2995 ubi
2686 2926 2757 2995 in
2781 2949 2942 2996 ver-

714 3029 819 3099 bis
855 3020 1224 3122 γναῖσεσθε
1257 3025 1349 3098 ἂν
1392 3024 1544 3097 cod.
1575 3025 1740 3094 Vrb.
1778 3027 2019 3095 omittit
2047 3027 2485 3118 particulam,
2538 3050 2715 3118 quae
2756 3030 2941 3100 unde

716 3141 866 3201 orta
892 3130 1099 3199 fuerit
1131 3129 1186 3197 si
1234 3129 1499 3219 quaeris
1518 3176 1539 3214 ,
1591 3130 2144 3199 verisimillimum
2169 3137 2306 3218 est,
2358 3150 2573 3220 quum
2615 3142 2942 3203 consueto

714 3258 945 3305 errore
973 3241 1316 3302 exaratum
1342 3239 1516 3301 esset
1542 3231 1987 3324 γνώσεσθαι,
2035 3255 2243 3324 supra
2265 3242 2490 3303 autem
2519 3232 2943 3327 adscriptum

714 3367 780 3428 c,
830 3338 991 3407 inde
1030 3337 1389 3406 conflatum
1435 3358 1580 3406 esse
1610 3327 2022 3427 γνώσεσθαι
2055 3333 2172 3407 ἅν.
2245 3334 2541 3405 Omnino
2574 3346 2800 3406 autem
2827 3341 2941 3408 vix

713 3443 888 3510 ullus
915 3450 1018 3509 est
1043 3441 1364 3531 scriptor,
1400 3438 1471 3506 in
1504 3461 1644 3529 quo
1670 3460 1807 3506 non
1849 3437 2209 3527 aliquando
2241 3437 2335 3510 ἂν
2368 3439 2799 3510 librariorum
2821 3465 2939 3511 er-

600 3548 609 3553 “
712 3565 870 3612 rore
900 3544 1011 3611 vel
1035 3543 1293 3609 inscitia
1319 3564 1474 3609 cum
1502 3542 1732 3609 futuro
1762 3548 2215 3608 constructum
2244 3542 2638 3633 reperiatur.

921 3643 1344 3729 Quibusdam
1375 3666 1539 3711 vero
1568 3645 1639 3711 in
1663 3643 1826 3712 locis
1859 3666 1996 3711 non
2030 3652 2287 3711 tantum
2313 3644 2661 3714 tribuerim
2695 3654 2939 3716 aucto-

711 3747 886 3816 ritati
912 3748 1526 3839 grammaticorum,
1578 3755 1654 3815 ut
1681 3747 1757 3815 iis
1790 3747 2002 3815 sicubi
2028 3744 2122 3819 ἄν
2144 3768 2300 3814 cum
2325 3746 2552 3815 futuro
2583 3750 2940 3818 consocia-

660 3846 665 3853 ’
713 3860 858 3918 tum
910 3849 1275 3919 correxisse
1307 3847 1664 3917 videantur
1678 3899 1698 3936 ‚
1769 3850 2082 3918 continuo
2123 3846 2616 3918 assentiendum
2669 3839 2936 3944 putem.

710 3954 838 4023 Est
874 3958 1100 4022 aute'm
1122 3951 1381 4046 duplex
1410 3952 1578 4021 ratio
1597 4000 1618 4039 ,
1671 3974 1807 4043 qua
1841 3950 1931 4025 ἄν
1963 3974 2117 4019 cum
2153 3952 2382 4020 futuro
2412 3953 2732 4046 coniungi
2763 3977 2937 4047 pos-

713 4056 838 4142 sit,
888 4079 1026 4124 una
1043 4109 1063 4146 ‚
1116 4079 1326 4147 quum
1355 4078 1517 4126 vere
1548 4055 1952 4145 construitur
1980 4077 2139 4122 cum
2162 4054 2281 4121 illa
2302 4056 2495 4124 verbi
2519 4056 2779 4139 forma3
2829 4058 2938 4126 al-

712 4168 895 4245 tera,
939 4182 1148 4250 quum
1174 4161 1598 4229 consociatur
1623 4158 1903 4250 quidem
1939 4157 2272 4249 particula
2300 4157 2530 4227 futuro
2545 4208 2568 4247 ,
2619 4159 2746 4229 sed
2789 4182 2938 4231 non

710 4272 787 4332 ut
815 4271 1193 4332 constructa
1233 4286 1388 4332 cum
1413 4286 1498 4332 eo
1528 4261 1863 4332 censenda
1887 4261 1992 4330 sit.

911 4366 1192 4435 Dicatur
1216 4368 1437 4457 primo
1472 4366 1562 4435 de
1604 4389 1688 4435 ea
1705 4420 1726 4456 ‚
1771 4388 1948 4456 quae
1982 4386 2142 4434 vere
2176 4363 2579 4434 constructio
2608 4360 2941 4435 habenda

710 4476 832 4541 est.
934 4470 1044 4542 Ac
1084 4468 1251 4539 nihil
1293 4470 1583 4561 obstare,
1635 4470 1800 4562 quin
1827 4468 2155 4563 particula
2185 4467 2279 4544 ἄν
2308 4469 2379 4538 in
2411 4468 2794 4539 narratione
2833 4470 2939 4540 rei
