3259 5275
638 418 642 423 ⁴
752 464 883 527 884
1024 458 1326 522 SEPTEM
1368 459 1676 526 Arrun
1719 459 2022 523 οΡΕιιΤΑ
2060 460 2177 524 ΑΡ.
2211 461 2700 528 ΑεεοΗηνΜ.

753 652 832 720 lis
865 648 1110 728 offusa,
1157 674 1296 720 non
1321 651 1634 721 viderunt
1664 674 1768 738 ea,
1801 673 1977 742 quae
2009 653 2358 743 quomodo
2389 656 2602 725 latere
2629 656 2974 747 potuerint

751 755 965 823 multo
1010 753 1344 824 difficilius
1396 755 1728 847 intelligas
1744 806 1766 840 ‚
1843 778 2047 846 quam
2095 758 2444 848 quomodo
2507 759 2968 835 animadverti,

753 859 1081 1031 :gg-:x
1112 858 1388 953 singulis
1436 858 1681 928 fabulis
1720 867 1969 951 poetae
2012 882 2222 930 unum
2264 863 2542 955 aliquod
2582 863 2971 955 exemplum

1835 1167 1887 1238 Ι.

960 1319 1041 1387 In
1094 1316 1509 1388 Prometheo
1553 1271 1924 1412 postqnam
1966 1345 2009 1389 a
2060 1323 2257 1393 nobis
2314 1324 2748 1395 observatum
2810 1335 2970 1408 erat,

757 1445 933 1514 quae
975 1424 1063 1491 ab
1094 1421 1204 1492 his
1244 1421 1512 1510 verbis,
1579 1421 1722 1498 ὕπο
1768 1425 1847 1498 δὲ
1894 1420 2396 1523 κηρόπλαστος
2447 1424 2706 1523 ὀτοβεῖ
2757 1422 2974 1510 δόναξ

754 1550 818 1597 v.
875 1521 1053 1595 576.
1137 1527 1490 1618 leguntur,
1566 1527 1646 1596 iis
1714 1528 2174 1620 respondere,
2265 1554 2443 1622 quae
2512 1542 2883 1623 sequuntur
2932 1555 2974 1602 a

756 1653 821 1698 v.
850 1624 1026 1698 595.
1075 1628 1358 1698 ridiculo
1398 1629 1699 1719 quodam
1740 1631 1946 1702 modo
1984 1634 2362 1703 conturbati
2399 1645 2552 1704 sunt
2587 1638 2797 1705 critici
2831 1635 2973 1704 dis-

757 1732 1101 1826 crepantia
1156 1755 1589 1803 numeromm
1603 1782 1625 1821 ‚
1708 1759 1887 1826 quae
1947 1737 2126 1805 inter
2176 1736 2306 1807 hos
2358 1761 2585 1809 ventus
2639 1749 2782 1828 est,
2862 1740 2974 1830 qui

758 1847 913 1906 sunt
960 1831 1422 1905 579—581.

962 1986 1042 2062 τί
1092 1988 1281 2062 ποτέ
1321 1985 1436 2082 μ’,
1491 2018 1569 2063 ω
1598 1983 1883 2084 Κρόνιε
1934 1997 2106 2082 παῖ,
2159 1992 2240 2066 τί
2287 2020 2514 2082 ποτε,

960 2088 1041 2164 τί
1088 2117 1277 2165 ποτε
1280 2088 1547 2217 1,ταῖςιΥ
1584 2095 1936 2180 ἐνέζευξας
1988 2090 2217 2192 εὖρων

962 2190 1449 2291 οἶμαρτοῦσαν
1501 2196 1580 2271 ἐν
1629 2203 2113 2295 πημοναῖσινς
2162 2200 2206 2274 ἔ
2239 2200 2306 2274 ἔ·

760 2358 829 2418 et
877 2370 1109 2418 versus
1161 2343 1605 2418 598-600

960 2495 1374 2578 θεόσσυτον
1427 2501 1506 2576 δέ
1558 2494 1778 2577 νόσον
1831 2496 2254 2597 ὠνόμασας,

964 2604 1017 2680 ἄ
1065 2603 1411 2702 μαραίνει
1458 2632 1554 2699 με
1595 2605 1902 2701 χρίουσα

962 2710 1332 2808 κέντροισι
1377 2711 1814 2805 φοιταλέοις.
1871 2712 1919 2785 ἔ
1965 2711 2025 2784 ἔ.

758 2862 1154 2957 scriptume
1203 2864 1388 2933 nulla
1431 2864 1891 2934 memorabilis
1932 2862 2281 2931 diversitas
2323 2870 2427 2932 est
2442 2911 2464 2952 ‚
2527 2884 2736 2953 qnam
2787 2861 2974 2954 qnod

761 2967 915 3036 cod.
948 2966 1181 3041 Guelf.
1217 2972 1609 3066 πημοναῖς,
1663 2977 1733 3036 et
1757 2966 1896 3037 duo
1931 2965 2134 3036 codd.
2166 2965 2462 3041 vindob.
2491 2966 2820 3061 κέντροις
2846 2965 2974 3035 ha-

759 3071 942 3140 bent.
1044 3070 1304 3139 Mirum
1322 3121 1344 3160 9
1395 3094 1478 3139 ac
1521 3071 1748 3165 potius
1797 3070 2190 3140 incredibile
2234 3079 2368 3159 est,
2417 3093 2586 3163 quas
2629 3068 2971 3138 machinas

758 3174 882 3242 viri
921 3172 1105 3243 docti
1153 3174 1712 3269 excogitaverint3
1779 3185 1856 3244 nt
1902 3173 2077 3245 haec
2113 3176 2182 3243 in
2214 3172 2523 3245 ordinem
2561 3172 2970 3268 redigerent.

755 3276 852 3345 Et
887 3285 1116 3347 tamen
1150 3280 1263 3349 vel
1289 3277 1677 3372 adspexisse
1718 3279 1848 3350 hos
1881 3302 2107 3351 versus
2139 3279 2297 3349 satis
2332 3287 2474 3365 est,
2525 3285 2600 3346 ut
2639 3278 2971 3372 intelligas

756 3381 860 3449 sic
889 3404 1038 3451 esse
1069 3381 1496 3452 scribendos·

963 3533 1049 3608 τί
1098 3521 1289 3610 ποτέ
1329 3531 1462 3629 μ’,
1514 3562 1569 3608 ω
1617 3529 1899 3634 Κρόνις
1941 3542 2115 3615 παῖ,
2180 3533 2261 3608 τί
2299 3560 2483 3607 nou
2533 3529 2769 3614 ταῖςδ

962 3640 1319 3726 ἐνέζευξας
1371 3632 1601 3736 εὖρων
1610 3638 2136 3770 ναμαρτοῦσαν
2181 3646 2261 3711 ἐν

963 3767 1460 3839 πημοσυναις,·
1511 3742 1555 3818 ἔ
1596 3744 1655 3818 ἕ.

757 3904 860 3964 et:

967 4041 1337 4122 θεόσυτον
1389 4048 1469 4123 δὲ
1518 4042 1787 4124 νούσου
1831 4043 2252 4141 ω’νόμασας,
2295 4046 2349 4119 οἳ

962 4150 1313 4247 μαραίνει
1362 4179 1460 4245 με
1511 4149 1820 4249 χρίουσα
1855 4153 2198 4248 ,κέντροις
2247 4152 2291 4202 *
2337 4152 2383 4198 *

967 4255 1405 4351 φοιταλέοις.
1472 4255 1516 4330 ἔ
1558 4256 1615 4330 ἕ.
1921 4284 1925 4289 ’

756 4410 1159 4479 Incertum
1139 4434 1207 4480 ιιι
1247 4408 1353 4479 his
1395 4417 1528 4496 est,
1581 4407 1993 4479 excideritne
2048 4405 2360 4498 aliquid
2339 4429 2407 4475 ιιι
2457 4398 2964 4522 antistrpphicis,

759 4537 844 4582 an
886 4536 1018 4607 pro
1057 4513 1382 4651 κέντροις
1422 4514 1552 4583 alia
1594 4514 1848 4607 scripta
1872 4513 2075 4582 fuerit
2108 4533 2274 4599 vox,
2315 4519 2395 4580 ut
2430 4499 2964 4605 κεντραὶμασινς
