3259 5275
963 466 1134 533 LIB.
1180 468 1287 531 111.
1359 466 1559 531 cAP.
1600 471 1664 534 2.
1707 469 1772 535 8.
2360 472 2490 537 148

261 661 341 730 ld
384 660 474 729 de
524 657 722 729 certis
761 658 957 729 factis
1007 658 1343 728 diceretur
1374 652 1639 753 ἄναῖγει
1695 665 1766 728 et
1809 655 2291 755 ἐφοπλίζομεν
2302 714 2331 751 ,
2393 662 2486 732 de

261 785 693 855 quocumque
734 762 919 832 facto
961 771 1188 833 autem
1201 812 1223 848 ‚
1278 764 1467 854 quod
1498 771 1727 833 mente
1757 772 1827 832 et
1869 762 2277 856 cogitatione
2315 788 2485 835 con-

260 869 465 961 cipias
481 918 503 955 ‚
574 890 708 960 per
759 867 1134 960 optativum
1177 868 1541 961 profertur.
1649 866 1862 954 Quod
1914 868 1970 936 si
2029 867 2485 939 coniunctivoe

253 972 560 1064 posueris
575 1021 596 1059 ‚
648 970 740 1039 ad
769 971 916 1039 sola·
956 994 1073 1057 ea,
1124 994 1303 1064 quae
1331 971 1623 1065 posthac
1658 980 1982 1047 eventura
2006 970 2173 1060 sint,
2222 971 2485 1042 refere-

253 1085 376 1144 tur.
436 1072 576 1148 od.
610 1102 686 1147 ω.
724 1070 899 1148 253.

459 1221 775 1322 τοιούτῳ
808 1226 886 1302 δὲ
912 1227 1193 1310 ἔοικας,
1247 1224 1400 1303 ἐπεὶ
1426 1220 1774 1302 λούσαιτο
1807 1220 2035 1323 φάγοι
2066 1252 2168 1301 τε.

251 1382 333 1471 ld
360 1381 454 1451 de
500 1390 689 1452 certo
714 1381 899 1451 facto
930 1382 1223 1468 dictum,
1276 1404 1423 1452 esse
1466 1380 1765 1453 debebat
1802 1380 1959 1456 ἐπεί
1986 1374 2339 1456 ἐλούσατο
2365 1380 2489 1455 καὶ

252 1487 524 1581 ἔφαγεν
543 1512 572 1568 ,·
621 1485 712 1554 de
747 1486 976 1555 futuro
1004 1495 1229 1554 autem
1262 1485 1414 1560 ἐπεὶ
1440 1478 1793 1583 λούσηται
1826 1478 2020 1582 φάγῃ
2038 1513 2142 1559 τε.
2195 1486 2278 1554 V.
2308 1484 2484 1554 342.

879 1640 1068 1713 ἔνθα
1106 1635 1179 1714 δ’
1214 1636 1358 1712 ἄνα
1393 1635 1762 1733 σταφυλαὶ
1796 1644 2146 1712 παντοῖαι
2178 1639 2413 1730 ἔασιν,

458 1736 745 1815 ὁππότε
779 1734 871 1839 δή
897 1737 1083 1824 Διός
1112 1738 1299 1839 ὧραι
1326 1742 1777 1838 ἐπιβρίσειαν
1812 1739 2154 1839 ὕπερθεν.

252 1895 323 1966 Si
367 1895 444 1964 id
472 1895 665 1987 quod
710 1919 869 1965 vere
909 1897 1106 1967 fieret
1135 1895 1438 1965 indicare
1475 1895 1828 1985 voluisset,
1883 1895 2157 1964 dixisset
2206 1894 2482 1994 ἐπιβρί-

251 2008 564 2091 θουσινς
643 1999 698 2068 si
764 2000 1024 2091 futura,
1101 1998 1592 2096 ἐπιβρίσωσιν.
1696 2001 1898 2068 Nunc
1956 2021 2121 2069 vero
2175 2001 2482 2091 optativo

250 2126 404 2172 usus
438 2103 686 2190 amisti,
736 2105 1102 2194 praeterita
1137 2103 1433 2195 respicit,
1484 2125 1623 2171 non
1656 2126 1749 2171 ea·
1768 2112 1995 2171 tamen
2033 2113 2239 2189 certa,
2294 2102 2483 2194 quod

251 2216 427 2275 esset
493 2207 886 2301 ἐπέβρισαν
899 2261 927 2296 ,
970 2207 1122 2276 sed
1166 2228 1637 2298 quaecumque
1696 2206 1817 2274 tibi
1876 2207 2179 2299 cogitare
2240 2208 2478 2275 libeat:

250 2310 431 2378 unde
486 2310 820 2378 coniicere
874 2318 1071 2403 potes
1089 2364 1111 2400 ‚
1178 2310 1367 2400 quod
1423 2308 1712 2378 antehac
1759 2310 2018 2378 factum
2074 2318 2205 2398 est,
2277 2311 2480 2379 etiam

249 2436 429 2482 nunc
463 2413 615 2482 fieri
657 2422 726 2481 et
746 2414 1039 2505 posthac
1069 2415 1369 2483 futurum
1397 2436 1570 2505 esse.

456 2515 820 2585 Caeterum
851 2527 930 2586 ut
967 2541 1177 2610 saepe
1221 2518 1395 2610 epici
1425 2525 1689 2586 veteres
1729 2514 2077 2607 particulis
2113 2513 2207 2591 ἄν
2249 2524 2319 2584 et
2358 2515 2478 2590 ,cdv

248 2627 543 2707 utuntur,
595 2621 710 2689 ubi
738 2623 1074 2692 recentior
1108 2645 1265 2692 usus
1295 2623 1374 2692 iis
1404 2620 1750 2714 particulis
1789 2620 2093 2703 abstinet,
2153 2620 2248 2689 ita
2276 2621 2480 2690 etiam

248 2723 380 2793 hoc
425 2726 495 2792 in
538 2747 792 2819 genere
833 2748 948 2794 eas
990 2726 1327 2796 interdum
1370 2736 1645 2819 praeter
1690 2726 2162 2798 necessitatem
2196 2724 2479 2814 addunt,

251 2838 320 2895 ut
344 2827 540 2899 Iliad.
570 2857 620 2901 ι.
648 2825 825 2901 524.

455 2978 649 3055 οὕτω
684 2980 804 3054 καὶ
832 2981 979 3056 τῶν
1009 2973 1341 3102 πρόσθεν
1370 2974 1855 3076 ἐπευθόμεθα
1885 2982 2054 3056 κλέα
2084 2978 2373 3080 ἀνδρῶν

451 3077 745 3183 ἡρώων,
800 3082 928 3160 ὅτε
956 3088 1076 3161 κέν
1100 3113 1222 3159 τιν
1234 3080 1705 3183 ’ἐπιζάφελος
1733 3078 2014 3177 χόλος”
1974 3112 2141 3159 exoa.

1303 3340 1423 3410 ΙΙΙ.

595 3496 726 3568 De
779 3496 1214 3593 optativo
1253 3518 1436 3592 pro
1489 3494 2102 3567 coniunctivo.

448 3652 774 3744 Sequitur
839 3654 1125 3723 alterum
1176 3676 1394 3747 genus
1460 3654 1774 3723 orationis
1839 3652 2193 3742 obliquae,
2283 3652 2471 3742 quod

259 3757 617 3846 optativum
666 3758 961 3826 continet
1003 3780 1136 3849 pro
1178 3766 1406 3826 rectae
1450 3758 1765 3826 orationis
1808 3757 2232 3826 coniunctivo
2268 3757 2472 3848 posi-

258 3865 420 3944 tum,
474 3871 542 3930 et
584 3862 810 3952 primo
843 3861 1119 3953 quidem
1157 3863 1297 3930 sine
1337 3859 1758 3954 particula*
1706 3889 1821 3934 αν.
1924 3859 2039 3928 Ad
2084 3860 2220 3929 hoc
2252 3884 2470 3952 genus

259 3961 462 4051 primo
494 3965 789 4057 pertinet
821 3966 1036 4034 omnis
1075 3965 1190 4033 illa
1219 3966 1510 4095 ’optativi
1542 3967 1714 4034 ratio
1732 4015 1752 4052 ‚
1808 3986 1985 4055 quae
2019 3986 2103 4031 ex
2125 3965 2469 4055 particulis

261 4062 550 4160 finalibus
596 4068 873 4162 pendet.
975 4071 1155 4138 Nam
1201 4069 1540 4167 ἐποίησα,
1609 4068 1834 4143 ποιαῖ
1903 4059 2225 4160 ποιήσω,
2282 4065 2472 4149 ὅπως

261 4151 536 4265 γένηται
574 4194 784 4262 quum
825 4174 922 4241 sic
955 4171 1250 4258 dicatur,
1301 4183 1378 4241 ut
1411 4181 1698 4242 eventus
1745 4172 2162 4264 significetur
2204 4170 2467 4238 futurus

263 4290 427 4357 esse,
493 4273 692 4344 facile
743 4285 849 4345 est
899 4275 989 4343 ad
1027 4275 1575 4370 intelligendum,
1640 4285 1825 4344 recte
1871 4276 1965 4342 ita
2016 4272 2148 4340 dici
2193 4275 2466 4364 ubique,

262 4372 366 4441 ubi
391 4398 468 4445 ea
498 4378 795 4448 indicare
818 4380 1128 4449 volumus
1144 4431 1166 4468 ‚
1218 4403 1393 4470 quae
1425 4389 1651 4448 utrum
1682 4379 1994 4449 eveniant
2016 4400 2101 4444 an
2123 4398 2292 4465 non,
2345 4398 2466 4444 ex-

263 4478 569 4565 perientia
593 4481 801 4556 simus
835 4484 1185 4578 cognituri.
1286 4484 1374 4553 ld
1401 4483 1518 4553 ubi
1545 4483 1922 4577 principale
1951 4481 2233 4551 verbum
2257 4501 2451 4573 prae·
