<?xml version="1.0" encoding="UTF-8"?>
<!DOCTYPE html PUBLIC "-//W3C//DTD XHTML 1.0 Transitional//EN"
    "http://www.w3.org/TR/xhtml1/DTD/xhtml1-transitional.dtd">
<html xmlns="http://www.w3.org/1999/xhtml" xml:lang="en" lang="en">
 <head>
  <title>
</title>
<meta http-equiv="Content-Type" content="text/html;charset=utf-8" />
  <meta name='ocr-system' content='tesseract 3.04.00' />
  <meta name='ocr-capabilities' content='ocr_page ocr_carea ocr_par ocr_line ocrx_word'/>
</head>
<body>
  <div class='ocr_page' id='page_1' title='image "./godofrediherman03fritgoog_0384.png"; bbox 0 0 3259 5275; ppageno 0'>
   <div class='ocr_carea' id='block_1_1' title="bbox 682 419 2508 497">
    <p class='ocr_par' dir='ltr' id='par_1_1' title="bbox 682 419 2508 497">
     <span class='ocr_line' id='line_1_1' title="bbox 682 419 2508 497; baseline -0.002 -8"><span class='ocrx_word' id='word_1_1' title='bbox 682 419 687 424; x_wconf 37' lang='lat'><em>*</em></span> <span class='ocrx_word' id='word_1_2' title='bbox 797 433 929 497; x_wconf 55' lang='grc' dir='ltr'><strong>ξω</strong></span> <span class='ocrx_word' id='word_1_3' title='bbox 1299 424 1886 488; x_wconf 70' lang='lat' dir='ltr'><strong>mcssssmmuvm</strong></span> <span class='ocrx_word' id='word_1_4' title='bbox 1929 424 2159 488; x_wconf 74' lang='lat' dir='ltr'>LIBER</span> <span class='ocrx_word' id='word_1_5' title='bbox 2201 425 2508 490; x_wconf 73' lang='lat' dir='ltr'><strong>PRIMVS.</strong></span> 
     </span>
    </p>
   </div>
   <div class='ocr_carea' id='block_1_2' title="bbox 794 614 3008 819">
    <p class='ocr_par' dir='ltr' id='par_1_2' title="bbox 794 614 3008 819">
     <span class='ocr_line' id='line_1_2' title="bbox 800 614 3008 711; baseline -0.001 -21"><span class='ocrx_word' id='word_1_6' title='bbox 800 641 986 690; x_wconf 75' lang='lat' dir='ltr'><strong>care·</strong></span> <span class='ocrx_word' id='word_1_7' title='bbox 1050 616 1393 711; x_wconf 75' lang='lat' dir='ltr'><strong>negabam</strong></span> <span class='ocrx_word' id='word_1_8' title='bbox 1462 615 1664 685; x_wconf 80' lang='lat' dir='ltr'><strong>etiam</strong></span> <span class='ocrx_word' id='word_1_9' title='bbox 1724 616 2108 709; x_wconf 77' lang='lat' dir='ltr'><strong>comparari</strong></span> <span class='ocrx_word' id='word_1_10' title='bbox 2169 638 2377 710; x_wconf 86' lang='lat' dir='ltr'><strong>posse</strong></span> <span class='ocrx_word' id='word_1_11' title='bbox 2447 640 2510 686; x_wconf 82' lang='lat' dir='ltr'><strong>v.</strong></span> <span class='ocrx_word' id='word_1_12' title='bbox 2562 614 2738 687; x_wconf 71' lang='lat'><strong>634.</strong></span> <span class='ocrx_word' id='word_1_13' title='bbox 2808 641 3008 709; x_wconf 84' lang='lat' dir='ltr'><strong>quem</strong></span> 
     </span>
     <span class='ocr_line' id='line_1_3' title="bbox 794 719 1791 819; baseline -0.007 -24"><span class='ocrx_word' id='word_1_14' title='bbox 794 726 944 819; x_wconf 89' lang='lat' dir='ltr'><strong>ipse</strong></span> <span class='ocrx_word' id='word_1_15' title='bbox 992 747 1066 816; x_wconf 90' lang='lat' dir='ltr'><strong>p.</strong></span> <span class='ocrx_word' id='word_1_16' title='bbox 1110 719 1235 791; x_wconf 72' lang='lat'><strong>66.</strong></span> <span class='ocrx_word' id='word_1_17' title='bbox 1289 722 1384 790; x_wconf 83' lang='lat' dir='ltr'><strong>sic</strong></span> <span class='ocrx_word' id='word_1_18' title='bbox 1432 719 1791 790; x_wconf 85' lang='lat' dir='ltr'><strong>scriberet·</strong></span> 
     </span>
    </p>
   </div>
   <div class='ocr_carea' id='block_1_3' title="bbox 901 870 2576 976">
    <p class='ocr_par' dir='ltr' id='par_1_3' title="bbox 901 870 2576 976">
     <span class='ocr_line' id='line_1_4' title="bbox 901 870 2576 976; baseline -0.001 -25"><span class='ocrx_word' id='word_1_19' title='bbox 901 876 950 976; x_wconf 83' lang='grc' dir='ltr'><em>ἢ</em></span> <span class='ocrx_word' id='word_1_20' title='bbox 1002 874 1116 951; x_wconf 73' lang='grc' dir='ltr'><strong>σοὶ</strong></span> <span class='ocrx_word' id='word_1_21' title='bbox 1165 874 1305 970; x_wconf 71' lang='grc' dir='ltr'><strong>μὲν</strong></span> <span class='ocrx_word' id='word_1_22' title='bbox 1355 870 1560 972; x_wconf 76' lang='grc' dir='ltr'><strong><em>ἡμεῖς</em></strong></span> <span class='ocrx_word' id='word_1_23' title='bbox 1602 873 1941 971; x_wconf 71' lang='grc' dir='ltr'><strong><em>πανταχῇ</em></strong></span> <span class='ocrx_word' id='word_1_24' title='bbox 1993 872 2304 972; x_wconf 68' lang='grc' dir='ltr'><strong>δρῶντες</strong></span> <span class='ocrx_word' id='word_1_25' title='bbox 2352 873 2528 970; x_wconf 79' lang='grc' dir='ltr'><strong><em>φίλα</em></strong></span> <span class='ocrx_word' id='word_1_26' title='bbox 2546 931 2576 967; x_wconf 88' lang='lat'><strong>,</strong></span> 
     </span>
    </p>
   </div>
   <div class='ocr_carea' id='block_1_4' title="bbox 799 1027 3009 1346">
    <p class='ocr_par' dir='ltr' id='par_1_4' title="bbox 799 1027 3009 1346">
     <span class='ocr_line' id='line_1_5' title="bbox 800 1027 3008 1123; baseline -0.001 -23"><span class='ocrx_word' id='word_1_27' title='bbox 800 1030 989 1123; x_wconf 86' lang='lat' dir='ltr'><strong>quod</strong></span> <span class='ocrx_word' id='word_1_28' title='bbox 1038 1029 1133 1099; x_wconf 89' lang='lat' dir='ltr'><strong>ibi</strong></span> <span class='ocrx_word' id='word_1_29' title='bbox 1189 1027 1621 1121; x_wconf 75' lang='lat' dir='ltr'><strong>participium</strong></span> <span class='ocrx_word' id='word_1_30' title='bbox 1662 1036 1899 1120; x_wconf 76' lang='lat' dir='ltr'><strong>aperte</strong></span> <span class='ocrx_word' id='word_1_31' title='bbox 1948 1027 2260 1097; x_wconf 84' lang='lat' dir='ltr'><strong>adiectivi</strong></span> <span class='ocrx_word' id='word_1_32' title='bbox 2310 1030 2542 1098; x_wconf 86' lang='lat' dir='ltr'><strong>officio</strong></span> <span class='ocrx_word' id='word_1_33' title='bbox 2594 1028 3008 1122; x_wconf 79' lang='lat' dir='ltr'><strong>fungeretur.</strong></span> 
     </span>
     <span class='ocr_line' id='line_1_6' title="bbox 800 1131 3009 1227; baseline -0.002 -22"><span class='ocrx_word' id='word_1_34' title='bbox 800 1134 947 1205; x_wconf 88' lang='lat' dir='ltr'><strong>Sed</strong></span> <span class='ocrx_word' id='word_1_35' title='bbox 996 1156 1137 1203; x_wconf 98' lang='lat' dir='ltr'><strong>non</strong></span> <span class='ocrx_word' id='word_1_36' title='bbox 1186 1156 1336 1203; x_wconf 87' lang='lat' dir='ltr'><strong>esse</strong></span> <span class='ocrx_word' id='word_1_37' title='bbox 1385 1132 1779 1202; x_wconf 74' lang='lat' dir='ltr'><strong>mutandam</strong></span> <span class='ocrx_word' id='word_1_38' title='bbox 1828 1131 2155 1200; x_wconf 86' lang='lat' dir='ltr'><strong>librorum</strong></span> <span class='ocrx_word' id='word_1_39' title='bbox 2219 1132 2653 1227; x_wconf 80' lang='lat' dir='ltr'><strong>scripturam,</strong></span> <span class='ocrx_word' id='word_1_40' title='bbox 2715 1154 2857 1222; x_wconf 82' lang='lat' dir='ltr'><strong>qua</strong></span> <span class='ocrx_word' id='word_1_41' title='bbox 2909 1133 3009 1201; x_wconf 87' lang='lat' dir='ltr'><strong>ni-</strong></span> 
     </span>
     <span class='ocr_line' id='line_1_7' title="bbox 799 1238 1405 1346; baseline -0.007 -38"><span class='ocrx_word' id='word_1_42' title='bbox 799 1239 897 1307; x_wconf 86' lang='lat' dir='ltr'><strong>hil</strong></span> <span class='ocrx_word' id='word_1_43' title='bbox 939 1238 1158 1308; x_wconf 72' lang='lat' dir='ltr'><strong>sanins</strong></span> <span class='ocrx_word' id='word_1_44' title='bbox 1198 1246 1405 1346; x_wconf 71' lang='lat' dir='ltr'><strong>essett</strong></span> 
     </span>
    </p>
   </div>
   <div class='ocr_carea' id='block_1_5' title="bbox 902 1386 2576 1489">
    <p class='ocr_par' dir='ltr' id='par_1_5' title="bbox 902 1386 2576 1489">
     <span class='ocr_line' id='line_1_8' title="bbox 902 1386 2576 1489; baseline -0.002 -23"><span class='ocrx_word' id='word_1_45' title='bbox 902 1390 952 1489; x_wconf 82' lang='grc' dir='ltr'><em>ἢ</em></span> <span class='ocrx_word' id='word_1_46' title='bbox 990 1389 1108 1466; x_wconf 79' lang='grc' dir='ltr'><strong>σοὶ</strong></span> <span class='ocrx_word' id='word_1_47' title='bbox 1157 1390 1295 1484; x_wconf 77' lang='grc' dir='ltr'><strong>μὲν</strong></span> <span class='ocrx_word' id='word_1_48' title='bbox 1344 1386 1550 1489; x_wconf 77' lang='grc' dir='ltr'><strong><em>ἡμεῖς</em></strong></span> <span class='ocrx_word' id='word_1_49' title='bbox 1600 1389 1940 1487; x_wconf 78' lang='grc' dir='ltr'><em>πανταχῇ</em></span> <span class='ocrx_word' id='word_1_50' title='bbox 1988 1387 2298 1487; x_wconf 72' lang='grc' dir='ltr'><strong>δρῶντες</strong></span> <span class='ocrx_word' id='word_1_51' title='bbox 2352 1387 2576 1485; x_wconf 79' lang='grc' dir='ltr'><strong>φίλοι.</strong></span> 
     </span>
    </p>
   </div>
   <div class='ocr_carea' id='block_1_6' title="bbox 797 1540 3007 1739">
    <p class='ocr_par' dir='ltr' id='par_1_6' title="bbox 797 1540 3007 1739">
     <span class='ocr_line' id='line_1_9' title="bbox 798 1540 3007 1664; baseline -0.002 -49"><span class='ocrx_word' id='word_1_52' title='bbox 798 1546 958 1639; x_wconf 85' lang='lat' dir='ltr'><strong>lpse</strong></span> <span class='ocrx_word' id='word_1_53' title='bbox 1020 1553 1262 1642; x_wconf 81' lang='lat' dir='ltr'><strong>postea</strong></span> <span class='ocrx_word' id='word_1_54' title='bbox 1322 1544 1394 1613; x_wconf 90' lang='lat' dir='ltr'><strong>in</strong></span> <span class='ocrx_word' id='word_1_55' title='bbox 1437 1543 1733 1613; x_wconf 77' lang='lat' dir='ltr'><strong>editione</strong></span> <span class='ocrx_word' id='word_1_56' title='bbox 1796 1540 2166 1635; x_wconf 82' lang='lat' dir='ltr'><strong>Sophoclis</strong></span> <span class='ocrx_word' id='word_1_57' title='bbox 2230 1552 2519 1664; x_wconf 80' lang='lat' dir='ltr'><strong>utroque</strong></span> <span class='ocrx_word' id='word_1_58' title='bbox 2578 1544 2733 1611; x_wconf 89' lang='lat' dir='ltr'><strong>loco</strong></span> <span class='ocrx_word' id='word_1_59' title='bbox 2784 1550 3007 1611; x_wconf 73' lang='lat' dir='ltr'><strong>tacens</strong></span> 
     </span>
     <span class='ocr_line' id='line_1_10' title="bbox 797 1645 1974 1739; baseline -0.003 -20"><span class='ocrx_word' id='word_1_60' title='bbox 797 1647 1217 1719; x_wconf 84' lang='lat' dir='ltr'><strong>Brunckium</strong></span> <span class='ocrx_word' id='word_1_61' title='bbox 1262 1649 1454 1739; x_wconf 86' lang='lat' dir='ltr'><strong>sequi</strong></span> <span class='ocrx_word' id='word_1_62' title='bbox 1507 1647 1713 1717; x_wconf 77' lang='lat' dir='ltr'><strong>satius</strong></span> <span class='ocrx_word' id='word_1_63' title='bbox 1763 1645 1974 1720; x_wconf 82' lang='lat' dir='ltr'><strong>duxit.</strong></span> 
     </span>
    </p>
   </div>
   <div class='ocr_carea' id='block_1_7' title="bbox 738 1795 3040 4383">
    <p class='ocr_par' dir='ltr' id='par_1_7' title="bbox 764 1795 3040 4383">
     <span class='ocr_line' id='line_1_11' title="bbox 1003 1795 3008 1891; baseline -0.003 -16"><span class='ocrx_word' id='word_1_64' title='bbox 1003 1801 1352 1874; x_wconf 78' lang='lat' dir='ltr'><strong>mvn.</strong></span> <span class='ocrx_word' id='word_1_65' title='bbox 1431 1802 1509 1873; x_wconf 89' lang='lat' dir='ltr'><strong>P.</strong></span> <span class='ocrx_word' id='word_1_66' title='bbox 1547 1795 1721 1869; x_wconf 91' lang='grc'><strong>115.</strong></span> <span class='ocrx_word' id='word_1_67' title='bbox 1775 1822 1989 1891; x_wconf 87' lang='lat' dir='ltr'><strong>quum</strong></span> <span class='ocrx_word' id='word_1_68' title='bbox 2039 1799 2494 1870; x_wconf 79' lang='lat' dir='ltr'><strong>contendisset</strong></span> <span class='ocrx_word' id='word_1_69' title='bbox 2537 1827 2592 1872; x_wconf 86' lang='grc' dir='ltr'><strong><em>ω</em></strong></span> <span class='ocrx_word' id='word_1_70' title='bbox 2645 1823 2804 1869; x_wconf 88' lang='lat' dir='ltr'><strong>cum</strong></span> <span class='ocrx_word' id='word_1_71' title='bbox 2847 1800 3008 1869; x_wconf 83' lang='lat' dir='ltr'><strong>sub-</strong></span> 
     </span>
     <span class='ocr_line' id='line_1_12' title="bbox 802 1904 3008 1997; baseline -0.003 -18"><span class='ocrx_word' id='word_1_72' title='bbox 802 1909 1090 1979; x_wconf 80' lang='lat' dir='ltr'><strong>stantivo</strong></span> <span class='ocrx_word' id='word_1_73' title='bbox 1150 1917 1219 1977; x_wconf 91' lang='lat' dir='ltr'><strong>et</strong></span> <span class='ocrx_word' id='word_1_74' title='bbox 1268 1905 1601 1975; x_wconf 77' lang='lat' dir='ltr'><strong>adiectivo</strong></span> <span class='ocrx_word' id='word_1_75' title='bbox 1653 1904 2084 1974; x_wconf 85' lang='lat' dir='ltr'><strong>coniunctum</strong></span> <span class='ocrx_word' id='word_1_76' title='bbox 2139 1926 2412 1997; x_wconf 81' lang='lat' dir='ltr'><strong>semper</strong></span> <span class='ocrx_word' id='word_1_77' title='bbox 2457 1904 2844 1997; x_wconf 82' lang='lat' dir='ltr'><strong>proximum</strong></span> <span class='ocrx_word' id='word_1_78' title='bbox 2894 1904 3008 1972; x_wconf 75' lang='lat' dir='ltr'><strong>ha-</strong></span> 
     </span>
     <span class='ocr_line' id='line_1_13' title="bbox 799 2006 3040 2106; baseline -0.006 -23"><span class='ocrx_word' id='word_1_79' title='bbox 799 2014 968 2083; x_wconf 85' lang='lat' dir='ltr'><strong>bere</strong></span> <span class='ocrx_word' id='word_1_80' title='bbox 1006 2034 1254 2081; x_wconf 90' lang='lat' dir='ltr'><strong>nomen</strong></span> <span class='ocrx_word' id='word_1_81' title='bbox 1294 2010 1605 2104; x_wconf 73' lang='lat' dir='ltr'><strong>gravius,</strong></span> <span class='ocrx_word' id='word_1_82' title='bbox 1659 2006 2175 2099; x_wconf 60' lang='lat' dir='ltr'><strong>dixissetque,</strong></span> <span class='ocrx_word' id='word_1_83' title='bbox 2178 2006 2421 2106; x_wconf 71' lang='lat' dir='ltr'><strong>‚Quae</strong></span> <span class='ocrx_word' id='word_1_84' title='bbox 2456 2030 2674 2102; x_wconf 73' lang='lat' dir='ltr'><strong>qaum</strong></span> <span class='ocrx_word' id='word_1_85' title='bbox 2701 2007 2813 2079; x_wconf 89' lang='lat' dir='ltr'><strong>ita</strong></span> <span class='ocrx_word' id='word_1_86' title='bbox 2845 2008 3007 2097; x_wconf 76' lang='lat' dir='ltr'><strong>sint,</strong></span> <span class='ocrx_word' id='word_1_87' title='bbox 3015 2045 3040 2070; x_wconf 50' lang='grc' dir='ltr'>ι</span> 
     </span>
     <span class='ocr_line' id='line_1_14' title="bbox 738 2110 3010 2210; baseline -0.002 -23.903"><span class='ocrx_word' id='word_1_88' title='bbox 738 2114 1153 2210; x_wconf 86' lang='lat' dir='ltr'><strong>pervelim</strong></span> <span class='ocrx_word' id='word_1_89' title='bbox 1208 2139 1259 2186; x_wconf 91' lang='lat' dir='ltr'><strong>a</strong></span> <span class='ocrx_word' id='word_1_90' title='bbox 1328 2113 1665 2185; x_wconf 78' lang='lat' dir='ltr'><strong>Porsono</strong></span> <span class='ocrx_word' id='word_1_91' title='bbox 1735 2111 2058 2182; x_wconf 76' lang='lat' dir='ltr'><strong>excitari</strong></span> <span class='ocrx_word' id='word_1_92' title='bbox 2106 2134 2147 2182; x_wconf 85' lang='lat' dir='ltr'><strong>e</strong></span> <span class='ocrx_word' id='word_1_93' title='bbox 2196 2110 2685 2206; x_wconf 69' lang='lat' dir='ltr'><strong>scriptoribus</strong></span> <span class='ocrx_word' id='word_1_94' title='bbox 2721 2110 3010 2205; x_wconf 81' lang='lat' dir='ltr'><strong>probae</strong></span> 
     </span>
     <span class='ocr_line' id='line_1_15' title="bbox 806 2215 3008 2311; baseline -0.001 -21"><span class='ocrx_word' id='word_1_95' title='bbox 806 2218 1270 2290; x_wconf 72' lang='lat' dir='ltr'><strong>Graecitatis</strong></span> <span class='ocrx_word' id='word_1_96' title='bbox 1317 2218 1601 2311; x_wconf 76' lang='lat' dir='ltr'><strong>aliquot</strong></span> <span class='ocrx_word' id='word_1_97' title='bbox 1653 2216 1857 2286; x_wconf 81' lang='lat' dir='ltr'><strong>locos</strong></span> <span class='ocrx_word' id='word_1_98' title='bbox 1897 2216 2171 2285; x_wconf 84' lang='lat' dir='ltr'><strong>similes</strong></span> <span class='ocrx_word' id='word_1_99' title='bbox 2218 2216 2391 2286; x_wconf 77' lang='lat' dir='ltr'><strong>hnic</strong></span> <span class='ocrx_word' id='word_1_100' title='bbox 2446 2217 2523 2285; x_wconf 76' lang='lat' dir='ltr'><strong>in</strong></span> <span class='ocrx_word' id='word_1_101' title='bbox 2573 2215 2813 2311; x_wconf 84' lang='lat' dir='ltr'><strong>Epist.</strong></span> <span class='ocrx_word' id='word_1_102' title='bbox 2865 2217 3008 2287; x_wconf 81' lang='lat' dir='ltr'><strong>Ca-</strong></span> 
     </span>
     <span class='ocr_line' id='line_1_16' title="bbox 804 2316 3010 2416; baseline -0.003 -22"><span class='ocrx_word' id='word_1_103' title='bbox 804 2324 980 2394; x_wconf 72' lang='lat' dir='ltr'><strong>thol.</strong></span> <span class='ocrx_word' id='word_1_104' title='bbox 1050 2321 1313 2393; x_wconf 88' lang='lat' dir='ltr'><strong>Iacobi</strong></span> <span class='ocrx_word' id='word_1_105' title='bbox 1375 2320 1489 2391; x_wconf 95' lang='grc' dir='ltr'><strong>ΙΙ.</strong></span> <span class='ocrx_word' id='word_1_106' title='bbox 1554 2320 1678 2393; x_wconf 83' lang='grc'><strong>20.</strong></span> <span class='ocrx_word' id='word_1_107' title='bbox 1743 2316 1802 2393; x_wconf 77' lang='grc' dir='ltr'><em>ὦ</em></span> <span class='ocrx_word' id='word_1_108' title='bbox 1856 2318 2207 2416; x_wconf 67' lang='grc' dir='ltr'><strong><em>ἄνθρωπε</em></strong></span> <span class='ocrx_word' id='word_1_109' title='bbox 2269 2321 2510 2394; x_wconf 53' lang='lat' dir='ltr'><strong>neve-‘⁴</strong></span> <span class='ocrx_word' id='word_1_110' title='bbox 2577 2321 2646 2388; x_wconf 89' lang='lat' dir='ltr'><strong>in</strong></span> <span class='ocrx_word' id='word_1_111' title='bbox 2714 2320 3010 2389; x_wconf 74' lang='lat' dir='ltr'><strong>subiecta</strong></span> 
     </span>
     <span class='ocr_line' id='line_1_17' title="bbox 801 2422 3009 2528; baseline -0.003 -30"><span class='ocrx_word' id='word_1_112' title='bbox 801 2427 1236 2498; x_wconf 72' lang='lat' dir='ltr'><strong>adnotatione</strong></span> <span class='ocrx_word' id='word_1_113' title='bbox 1302 2426 1398 2496; x_wconf 85' lang='lat' dir='ltr'><strong>sic</strong></span> <span class='ocrx_word' id='word_1_114' title='bbox 1478 2425 1773 2517; x_wconf 81' lang='lat' dir='ltr'><strong>scripsit.</strong></span> <span class='ocrx_word' id='word_1_115' title='bbox 1851 2422 2009 2512; x_wconf 79' lang='lat' dir='ltr'><strong>„Id</strong></span> <span class='ocrx_word' id='word_1_116' title='bbox 2070 2423 2232 2492; x_wconf 89' lang='lat' dir='ltr'><strong>viro</strong></span> <span class='ocrx_word' id='word_1_117' title='bbox 2283 2423 2592 2528; x_wconf 76' lang='lat' dir='ltr'><strong>eximio,</strong></span> <span class='ocrx_word' id='word_1_118' title='bbox 2675 2433 2758 2494; x_wconf 80' lang='lat' dir='ltr'><strong>ut</strong></span> <span class='ocrx_word' id='word_1_119' title='bbox 2823 2445 3009 2492; x_wconf 76' lang='lat' dir='ltr'><strong>nanc</strong></span> 
     </span>
     <span class='ocr_line' id='line_1_18' title="bbox 764 2487 3011 2626; baseline -0.002 -25"><span class='ocrx_word' id='word_1_120' title='bbox 764 2527 1039 2626; x_wconf 57' lang='lat' dir='ltr'><strong>”ipsam</strong></span> <span class='ocrx_word' id='word_1_121' title='bbox 1088 2531 1342 2615; x_wconf 82' lang='lat' dir='ltr'><strong>video,</strong></span> <span class='ocrx_word' id='word_1_122' title='bbox 1410 2528 1621 2620; x_wconf 79' lang='lat' dir='ltr'><strong>haud</strong></span> <span class='ocrx_word' id='word_1_123' title='bbox 1674 2526 1993 2625; x_wconf 68' lang='lat' dir='ltr'><strong>difficile</strong></span> <span class='ocrx_word' id='word_1_124' title='bbox 2040 2527 2202 2596; x_wconf 86' lang='lat' dir='ltr'><strong>erit.</strong></span> <span class='ocrx_word' id='word_1_125' title='bbox 2279 2487 2503 2598; x_wconf 37' lang='lat' dir='ltr'><strong>inde</strong></span> <span class='ocrx_word' id='word_1_126' title='bbox 2550 2527 2730 2596; x_wconf 79' lang='lat' dir='ltr'><strong>mihi</strong></span> <span class='ocrx_word' id='word_1_127' title='bbox 2778 2527 3011 2622; x_wconf 78' lang='lat' dir='ltr'><strong>ipsam</strong></span> 
     </span>
     <span class='ocr_line' id='line_1_19' title="bbox 801 2626 3011 2729; baseline -0.004 -23"><span class='ocrx_word' id='word_1_128' title='bbox 801 2633 1249 2729; x_wconf 78' lang='lat' dir='ltr'><strong>Sophoclem</strong></span> <span class='ocrx_word' id='word_1_129' title='bbox 1282 2632 1566 2704; x_wconf 80' lang='lat' dir='ltr'><strong>Electr.</strong></span> <span class='ocrx_word' id='word_1_130' title='bbox 1610 2656 1678 2702; x_wconf 89' lang='lat' dir='ltr'><strong>v.</strong></span> <span class='ocrx_word' id='word_1_131' title='bbox 1711 2628 1885 2700; x_wconf 79' lang='lat'>622.</span> <span class='ocrx_word' id='word_1_132' title='bbox 1940 2660 1993 2705; x_wconf 87' lang='grc' dir='ltr'><strong><em>ω</em></strong></span> <span class='ocrx_word' id='word_1_133' title='bbox 2025 2626 2312 2727; x_wconf 79' lang='grc' dir='ltr'><strong><em>θρέμμ’</em></strong></span> <span class='ocrx_word' id='word_1_134' title='bbox 2347 2627 2652 2712; x_wconf 76' lang='grc' dir='ltr'><strong>ἀναιδές.</strong></span> <span class='ocrx_word' id='word_1_135' title='bbox 2690 2656 2757 2702; x_wconf 85' lang='grc' dir='ltr'><strong>υ.</strong></span> <span class='ocrx_word' id='word_1_136' title='bbox 2793 2630 3011 2702; x_wconf 81' lang='grc'><strong>1161.</strong></span> 
     </span>
     <span class='ocr_line' id='line_1_20' title="bbox 802 2731 3008 2832; baseline -0.004 -20"><span class='ocrx_word' id='word_1_137' title='bbox 802 2767 858 2812; x_wconf 87' lang='grc' dir='ltr'><strong><em>ω</em></strong></span> <span class='ocrx_word' id='word_1_138' title='bbox 893 2740 1114 2832; x_wconf 74' lang='grc' dir='ltr'><strong><em>δέμας</em></strong></span> <span class='ocrx_word' id='word_1_139' title='bbox 1142 2731 1459 2831; x_wconf 75' lang='grc' dir='ltr'><strong>οἰκτρόν.</strong></span> <span class='ocrx_word' id='word_1_140' title='bbox 1544 2735 1952 2830; x_wconf 73' lang='lat' dir='ltr'><strong>Euripides</strong></span> <span class='ocrx_word' id='word_1_141' title='bbox 2005 2734 2288 2804; x_wconf 79' lang='lat' dir='ltr'><strong>Bacch.</strong></span> <span class='ocrx_word' id='word_1_142' title='bbox 2313 2731 2490 2809; x_wconf 84' lang='grc'><strong>598.</strong></span> <span class='ocrx_word' id='word_1_143' title='bbox 2541 2736 2657 2806; x_wconf 82' lang='lat' dir='ltr'><strong>ed.</strong></span> <span class='ocrx_word' id='word_1_144' title='bbox 2689 2733 3008 2810; x_wconf 76' lang='lat' dir='ltr'><strong>Brunck</strong></span> 
     </span>
     <span class='ocr_line' id='line_1_21' title="bbox 800 2834 3009 2935; baseline -0.003 -20"><span class='ocrx_word' id='word_1_145' title='bbox 800 2836 862 2915; x_wconf 75' lang='lat' dir='ltr'><strong>ai</strong></span> <span class='ocrx_word' id='word_1_146' title='bbox 925 2834 1111 2935; x_wconf 72' lang='grc' dir='ltr'><strong>φάος</strong></span> <span class='ocrx_word' id='word_1_147' title='bbox 1183 2843 1552 2934; x_wconf 78' lang='grc' dir='ltr'><strong>μέγιστον.</strong></span> <span class='ocrx_word' id='word_1_148' title='bbox 1681 2841 1912 2911; x_wconf 84' lang='lat' dir='ltr'><strong>Plato</strong></span> <span class='ocrx_word' id='word_1_149' title='bbox 1993 2838 2331 2908; x_wconf 79' lang='lat' dir='ltr'><strong>Phaedr.</strong></span> <span class='ocrx_word' id='word_1_150' title='bbox 2400 2862 2593 2935; x_wconf 85' lang='lat' dir='ltr'><strong>pag.</strong></span> <span class='ocrx_word' id='word_1_151' title='bbox 2652 2838 2829 2913; x_wconf 80' lang='lat'><strong>24⁰.</strong></span> <span class='ocrx_word' id='word_1_152' title='bbox 2899 2839 3009 2909; x_wconf 82' lang='lat' dir='ltr'><strong>ed.</strong></span> 
     </span>
     <span class='ocr_line' id='line_1_22' title="bbox 810 2939 3013 3037; baseline -0.001 -21"><span class='ocrx_word' id='word_1_153' title='bbox 810 2943 1079 3016; x_wconf 82' lang='lat' dir='ltr'><strong>Heind.</strong></span> <span class='ocrx_word' id='word_1_154' title='bbox 1159 2971 1214 3016; x_wconf 88' lang='grc' dir='ltr'><strong>ω</strong></span> <span class='ocrx_word' id='word_1_155' title='bbox 1283 2949 1424 3016; x_wconf 82' lang='grc' dir='ltr'><strong>παῖ</strong></span> <span class='ocrx_word' id='word_1_156' title='bbox 1468 2943 1660 3021; x_wconf 69' lang='grc' dir='ltr'><strong>καλέ.</strong></span> <span class='ocrx_word' id='word_1_157' title='bbox 1783 2939 1944 3012; x_wconf 92' lang='lat' dir='ltr'><strong>Nec</strong></span> <span class='ocrx_word' id='word_1_158' title='bbox 2017 2940 2269 3012; x_wconf 81' lang='lat' dir='ltr'><strong>dubito</strong></span> <span class='ocrx_word' id='word_1_159' title='bbox 2329 2944 2568 3037; x_wconf 79' lang='lat' dir='ltr'><strong>plara</strong></span> <span class='ocrx_word' id='word_1_160' title='bbox 2651 2943 3013 3037; x_wconf 78' lang='lat' dir='ltr'><strong>exempla,</strong></span> 
     </span>
     <span class='ocr_line' id='line_1_23' title="bbox 801 3044 3013 3169; baseline -0.002 -48"><span class='ocrx_word' id='word_1_161' title='bbox 801 3071 995 3143; x_wconf 79' lang='lat' dir='ltr'><strong>quae</strong></span> <span class='ocrx_word' id='word_1_162' title='bbox 1046 3048 1220 3119; x_wconf 86' lang='lat' dir='ltr'><strong>item</strong></span> <span class='ocrx_word' id='word_1_163' title='bbox 1257 3046 1752 3169; x_wconf 75' lang='lat' dir='ltr'><strong>postpositum</strong></span> <span class='ocrx_word' id='word_1_164' title='bbox 1799 3044 2125 3116; x_wconf 77' lang='lat' dir='ltr'><strong>habeant</strong></span> <span class='ocrx_word' id='word_1_165' title='bbox 2172 3064 2432 3116; x_wconf 75' lang='lat' dir='ltr'><strong>nomen</strong></span> <span class='ocrx_word' id='word_1_166' title='bbox 2479 3047 2838 3142; x_wconf 82' lang='lat' dir='ltr'><strong>gravius,</strong></span> <span class='ocrx_word' id='word_1_167' title='bbox 2871 3045 3013 3141; x_wconf 84' lang='lat' dir='ltr'><strong>sa-</strong></span> 
     </span>
     <span class='ocr_line' id='line_1_24' title="bbox 801 3148 3013 3247; baseline -0.001 -25"><span class='ocrx_word' id='word_1_168' title='bbox 801 3152 927 3222; x_wconf 87' lang='lat' dir='ltr'><strong>cili</strong></span> <span class='ocrx_word' id='word_1_169' title='bbox 979 3174 1210 3246; x_wconf 89' lang='lat' dir='ltr'><strong>opera</strong></span> <span class='ocrx_word' id='word_1_170' title='bbox 1271 3150 1713 3247; x_wconf 86' lang='lat' dir='ltr'><strong>investigari</strong></span> <span class='ocrx_word' id='word_1_171' title='bbox 1757 3154 2038 3244; x_wconf 51' lang='lat' dir='ltr'><strong>posse!</strong></span> <span class='ocrx_word' id='word_1_172' title='bbox 2017 3154 2062 3191; x_wconf 88' lang='grc'><strong>66</strong></span> <span class='ocrx_word' id='word_1_173' title='bbox 2164 3148 2382 3241; x_wconf 87' lang='lat' dir='ltr'><strong>Mihi,</strong></span> <span class='ocrx_word' id='word_1_174' title='bbox 2452 3152 2507 3221; x_wconf 89' lang='lat' dir='ltr'><strong>si</strong></span> <span class='ocrx_word' id='word_1_175' title='bbox 2555 3174 2807 3221; x_wconf 90' lang='lat' dir='ltr'><strong>nomen</strong></span> <span class='ocrx_word' id='word_1_176' title='bbox 2851 3174 3013 3243; x_wconf 76' lang='lat' dir='ltr'><strong>gra-</strong></span> 
     </span>
     <span class='ocr_line' id='line_1_25' title="bbox 797 3254 3011 3348; baseline -0.001 -23"><span class='ocrx_word' id='word_1_177' title='bbox 797 3258 946 3325; x_wconf 81' lang='lat' dir='ltr'><strong>vius</strong></span> <span class='ocrx_word' id='word_1_178' title='bbox 1015 3265 1087 3325; x_wconf 90' lang='lat' dir='ltr'><strong>et</strong></span> <span class='ocrx_word' id='word_1_179' title='bbox 1150 3254 1446 3347; x_wconf 85' lang='lat' dir='ltr'><strong>priorem</strong></span> <span class='ocrx_word' id='word_1_180' title='bbox 1511 3264 1579 3324; x_wconf 91' lang='lat' dir='ltr'><strong>et</strong></span> <span class='ocrx_word' id='word_1_181' title='bbox 1644 3254 2091 3348; x_wconf 86' lang='lat' dir='ltr'><strong>posteriorem</strong></span> <span class='ocrx_word' id='word_1_182' title='bbox 2154 3255 2382 3322; x_wconf 84' lang='lat' dir='ltr'><strong>locum</strong></span> <span class='ocrx_word' id='word_1_183' title='bbox 2452 3264 2683 3325; x_wconf 87' lang='lat' dir='ltr'><strong>tenere</strong></span> <span class='ocrx_word' id='word_1_184' title='bbox 2761 3265 3011 3348; x_wconf 86' lang='lat' dir='ltr'><strong>posset,</strong></span> 
     </span>
     <span class='ocr_line' id='line_1_26' title="bbox 799 3357 3012 3451; baseline -0.001 -23"><span class='ocrx_word' id='word_1_185' title='bbox 799 3359 966 3428; x_wconf 89' lang='lat' dir='ltr'><strong>nihil</strong></span> <span class='ocrx_word' id='word_1_186' title='bbox 1030 3358 1503 3428; x_wconf 80' lang='lat' dir='ltr'><strong>interfuturum</strong></span> <span class='ocrx_word' id='word_1_187' title='bbox 1565 3358 1955 3442; x_wconf 76' lang='lat' dir='ltr'><strong>videbatur,</strong></span> <span class='ocrx_word' id='word_1_188' title='bbox 2038 3367 2191 3425; x_wconf 83' lang='lat' dir='ltr'><strong>utro</strong></span> <span class='ocrx_word' id='word_1_189' title='bbox 2256 3357 2466 3427; x_wconf 89' lang='lat' dir='ltr'><strong>modo</strong></span> <span class='ocrx_word' id='word_1_190' title='bbox 2526 3359 2713 3451; x_wconf 88' lang='lat' dir='ltr'><strong>loqui</strong></span> <span class='ocrx_word' id='word_1_191' title='bbox 2777 3359 3012 3449; x_wconf 78' lang='lat' dir='ltr'><strong>aliquis</strong></span> 
     </span>
     <span class='ocr_line' id='line_1_27' title="bbox 799 3455 3014 3556; baseline 0 -24"><span class='ocrx_word' id='word_1_192' title='bbox 799 3461 1200 3556; x_wconf 81' lang='lat' dir='ltr'><strong>praeferret.</strong></span> <span class='ocrx_word' id='word_1_193' title='bbox 1321 3463 1416 3532; x_wconf 84' lang='lat' dir='ltr'><strong>At</strong></span> <span class='ocrx_word' id='word_1_194' title='bbox 1480 3463 1768 3531; x_wconf 86' lang='lat' dir='ltr'><strong>multum</strong></span> <span class='ocrx_word' id='word_1_195' title='bbox 1834 3462 2191 3531; x_wconf 83' lang='lat' dir='ltr'><strong>interesse:</strong></span> <span class='ocrx_word' id='word_1_196' title='bbox 2274 3485 2433 3531; x_wconf 76' lang='lat' dir='ltr'><strong>nam</strong></span> <span class='ocrx_word' id='word_1_197' title='bbox 2497 3472 2683 3531; x_wconf 76' lang='lat' dir='ltr'><strong>certa</strong></span> <span class='ocrx_word' id='word_1_198' title='bbox 2735 3461 2899 3555; x_wconf 74' lang='lat' dir='ltr'><strong>lege</strong></span> <span class='ocrx_word' id='word_1_199' title='bbox 2960 3455 3014 3533; x_wconf 75' lang='lat' dir='ltr'><strong>ui</strong></span> 
     </span>
     <span class='ocr_line' id='line_1_28' title="bbox 798 3564 3013 3659; baseline -0 -25"><span class='ocrx_word' id='word_1_200' title='bbox 798 3566 970 3659; x_wconf 88' lang='lat' dir='ltr'><strong>poni</strong></span> <span class='ocrx_word' id='word_1_201' title='bbox 1011 3576 1167 3636; x_wconf 76' lang='lat' dir='ltr'><strong>ante</strong></span> <span class='ocrx_word' id='word_1_202' title='bbox 1209 3587 1458 3634; x_wconf 91' lang='lat' dir='ltr'><strong>nomen</strong></span> <span class='ocrx_word' id='word_1_203' title='bbox 1509 3566 1649 3635; x_wconf 85' lang='lat' dir='ltr'><strong>eius</strong></span> <span class='ocrx_word' id='word_1_204' title='bbox 1666 3619 1687 3653; x_wconf 89' lang='lat'><strong>,</strong></span> <span class='ocrx_word' id='word_1_205' title='bbox 1755 3564 1945 3656; x_wconf 89' lang='lat' dir='ltr'><strong>quod</strong></span> <span class='ocrx_word' id='word_1_206' title='bbox 1996 3564 2146 3654; x_wconf 87' lang='lat' dir='ltr'><strong>quis</strong></span> <span class='ocrx_word' id='word_1_207' title='bbox 2198 3567 2612 3658; x_wconf 77' lang='lat' dir='ltr'><strong>appellaret:</strong></span> <span class='ocrx_word' id='word_1_208' title='bbox 2681 3567 2914 3658; x_wconf 77' lang='lat' dir='ltr'><strong>itaque</strong></span> <span class='ocrx_word' id='word_1_209' title='bbox 2962 3564 3013 3632; x_wconf 83' lang='lat' dir='ltr'><strong>si</strong></span> 
     </span>
     <span class='ocr_line' id='line_1_29' title="bbox 800 3663 3012 3764; baseline -0 -26"><span class='ocrx_word' id='word_1_210' title='bbox 800 3670 1113 3755; x_wconf 83' lang='lat' dir='ltr'><strong>miseros,</strong></span> <span class='ocrx_word' id='word_1_211' title='bbox 1177 3669 1296 3759; x_wconf 88' lang='lat' dir='ltr'><strong>qni</strong></span> <span class='ocrx_word' id='word_1_212' title='bbox 1351 3668 1551 3762; x_wconf 72' lang='lat' dir='ltr'><strong>p&#39;ueri</strong></span> <span class='ocrx_word' id='word_1_213' title='bbox 1611 3678 1869 3751; x_wconf 81' lang='lat' dir='ltr'><strong>essent,</strong></span> <span class='ocrx_word' id='word_1_214' title='bbox 1928 3668 2063 3736; x_wconf 90' lang='lat' dir='ltr'><strong>dici</strong></span> <span class='ocrx_word' id='word_1_215' title='bbox 2115 3663 2174 3740; x_wconf 77' lang='grc' dir='ltr'><strong>οἶ</strong></span> <span class='ocrx_word' id='word_1_216' title='bbox 2228 3667 2508 3764; x_wconf 74' lang='grc' dir='ltr'><strong><em>οἰκτροὶ</em></strong></span> <span class='ocrx_word' id='word_1_217' title='bbox 2559 3671 2840 3750; x_wconf 49' lang='grc' dir='ltr'><strong><em>παῖδας</em></strong></span> <span class='ocrx_word' id='word_1_218' title='bbox 2917 3668 3012 3737; x_wconf 86' lang='lat' dir='ltr'><strong>sin</strong></span> 
     </span>
     <span class='ocr_line' id='line_1_30' title="bbox 799 3768 3009 3865; baseline -0.001 -25"><span class='ocrx_word' id='word_1_219' title='bbox 799 3794 1092 3865; x_wconf 87' lang='lat' dir='ltr'><strong>pueros,</strong></span> <span class='ocrx_word' id='word_1_220' title='bbox 1160 3772 1278 3863; x_wconf 90' lang='lat' dir='ltr'><strong>qui</strong></span> <span class='ocrx_word' id='word_1_221' title='bbox 1331 3771 1593 3853; x_wconf 82' lang='lat' dir='ltr'><strong>miseri,</strong></span> <span class='ocrx_word' id='word_1_222' title='bbox 1661 3769 1720 3846; x_wconf 75' lang='grc' dir='ltr'><em>ὦ</em></span> <span class='ocrx_word' id='word_1_223' title='bbox 1775 3775 2023 3852; x_wconf 78' lang='grc' dir='ltr'><strong><em>παῖδες</em></strong></span> <span class='ocrx_word' id='word_1_224' title='bbox 2091 3772 2391 3865; x_wconf 75' lang='grc' dir='ltr'><strong>οἰκτροί.</strong></span> <span class='ocrx_word' id='word_1_225' title='bbox 2497 3772 2614 3841; x_wconf 86' lang='lat' dir='ltr'><strong>Sic</strong></span> <span class='ocrx_word' id='word_1_226' title='bbox 2666 3771 2785 3862; x_wconf 86' lang='lat' dir='ltr'><strong>qui</strong></span> <span class='ocrx_word' id='word_1_227' title='bbox 2829 3768 3009 3863; x_wconf 83' lang='lat' dir='ltr'><strong>apud</strong></span> 
     </span>
     <span class='ocr_line' id='line_1_31' title="bbox 804 3869 3010 3959; baseline -0.001 -14"><span class='ocrx_word' id='word_1_228' title='bbox 804 3876 1156 3945; x_wconf 79' lang='lat' dir='ltr'><strong>Platonem</strong></span> <span class='ocrx_word' id='word_1_229' title='bbox 1213 3875 1473 3945; x_wconf 86' lang='lat' dir='ltr'><strong>diceret</strong></span> <span class='ocrx_word' id='word_1_230' title='bbox 1528 3869 1588 3948; x_wconf 74' lang='grc' dir='ltr'><em>ὦ</em></span> <span class='ocrx_word' id='word_1_231' title='bbox 1652 3882 1791 3950; x_wconf 80' lang='grc' dir='ltr'><strong>παῖ</strong></span> <span class='ocrx_word' id='word_1_232' title='bbox 1863 3876 2069 3959; x_wconf 67' lang='grc' dir='ltr'><strong><em>καλέ,</em></strong></span> <span class='ocrx_word' id='word_1_233' title='bbox 2150 3897 2287 3944; x_wconf 91' lang='lat' dir='ltr'><strong>non</strong></span> <span class='ocrx_word' id='word_1_234' title='bbox 2350 3874 2665 3945; x_wconf 82' lang='lat' dir='ltr'><strong>admirari</strong></span> <span class='ocrx_word' id='word_1_235' title='bbox 2724 3874 3010 3943; x_wconf 75' lang='lat' dir='ltr'><strong>formam</strong></span> 
     </span>
     <span class='ocr_line' id='line_1_32' title="bbox 801 3977 3005 4072; baseline -0.001 -26"><span class='ocrx_word' id='word_1_236' title='bbox 801 3978 1035 4071; x_wconf 83' lang='lat' dir='ltr'><strong>pueri,</strong></span> <span class='ocrx_word' id='word_1_237' title='bbox 1099 3977 1226 4047; x_wconf 87' lang='lat' dir='ltr'><strong>sed</strong></span> <span class='ocrx_word' id='word_1_238' title='bbox 1281 4000 1529 4049; x_wconf 77' lang='lat' dir='ltr'><strong>vocare</strong></span> <span class='ocrx_word' id='word_1_239' title='bbox 1586 4002 1781 4068; x_wconf 88' lang='lat' dir='ltr'><strong>eum,</strong></span> <span class='ocrx_word' id='word_1_240' title='bbox 1849 3981 1968 4070; x_wconf 90' lang='lat' dir='ltr'><strong>qui</strong></span> <span class='ocrx_word' id='word_1_241' title='bbox 2006 4001 2179 4072; x_wconf 87' lang='lat' dir='ltr'><strong>puer</strong></span> <span class='ocrx_word' id='word_1_242' title='bbox 2232 3979 2564 4048; x_wconf 84' lang='lat' dir='ltr'><strong>formosus</strong></span> <span class='ocrx_word' id='word_1_243' title='bbox 2629 3979 3005 4063; x_wconf 83' lang='lat' dir='ltr'><strong>haberetur.</strong></span> 
     </span>
     <span class='ocr_line' id='line_1_33' title="bbox 804 4078 3005 4177; baseline 0.001 -26"><span class='ocrx_word' id='word_1_244' title='bbox 804 4081 920 4151; x_wconf 88' lang='lat' dir='ltr'><strong>Sic</strong></span> <span class='ocrx_word' id='word_1_245' title='bbox 986 4080 1409 4174; x_wconf 89' lang='lat' dir='ltr'><strong>Sophoclem</strong></span> <span class='ocrx_word' id='word_1_246' title='bbox 1488 4078 1548 4155; x_wconf 72' lang='lat' dir='ltr'><strong>oi</strong></span> <span class='ocrx_word' id='word_1_247' title='bbox 1614 4080 1905 4177; x_wconf 76' lang='grc' dir='ltr'><strong><em>θρέμμ’</em></strong></span> <span class='ocrx_word' id='word_1_248' title='bbox 1967 4078 2254 4164; x_wconf 72' lang='grc' dir='ltr'><strong><em>ἀναιδές</em></strong></span> <span class='ocrx_word' id='word_1_249' title='bbox 2331 4092 2401 4153; x_wconf 88' lang='lat' dir='ltr'><strong>et</strong></span> <span class='ocrx_word' id='word_1_250' title='bbox 2469 4078 2528 4154; x_wconf 74' lang='grc' dir='ltr'><strong>αἶ</strong></span> <span class='ocrx_word' id='word_1_251' title='bbox 2591 4083 2812 4176; x_wconf 77' lang='grc' dir='ltr'><strong><em>δέμας</em></strong></span> <span class='ocrx_word' id='word_1_252' title='bbox 2895 4082 3005 4154; x_wconf 83' lang='grc' dir='ltr'><strong>οἰ-</strong></span> 
     </span>
     <span class='ocr_line' id='line_1_34' title="bbox 801 4178 3002 4282; baseline -0.001 -29"><span class='ocrx_word' id='word_1_253' title='bbox 801 4178 1065 4282; x_wconf 73' lang='grc' dir='ltr'><strong><em>κτρόν,</em></strong></span> <span class='ocrx_word' id='word_1_254' title='bbox 1121 4184 1216 4253; x_wconf 87' lang='lat' dir='ltr'><strong>sic</strong></span> <span class='ocrx_word' id='word_1_255' title='bbox 1270 4185 1598 4257; x_wconf 79' lang='lat' dir='ltr'><strong>Iacobum</strong></span> <span class='ocrx_word' id='word_1_256' title='bbox 1649 4182 1709 4259; x_wconf 77' lang='lat' dir='ltr'><strong>oi</strong></span> <span class='ocrx_word' id='word_1_257' title='bbox 1760 4184 2108 4276; x_wconf 76' lang='grc' dir='ltr'><em>ἄνθρωπε</em></span> <span class='ocrx_word' id='word_1_258' title='bbox 2165 4187 2321 4261; x_wconf 69' lang='grc' dir='ltr'><strong>κενέ</strong></span> <span class='ocrx_word' id='word_1_259' title='bbox 2372 4186 2636 4255; x_wconf 84' lang='lat' dir='ltr'><strong>dixisse.</strong></span> <span class='ocrx_word' id='word_1_260' title='bbox 2740 4185 2825 4253; x_wconf 85' lang='lat' dir='ltr'><strong>ld</strong></span> <span class='ocrx_word' id='word_1_261' title='bbox 2859 4184 3002 4277; x_wconf 82' lang='lat' dir='ltr'><strong>pla-</strong></span> 
     </span>
     <span class='ocr_line' id='line_1_35' title="bbox 800 4287 3001 4383; baseline -0.001 -24"><span class='ocrx_word' id='word_1_262' title='bbox 800 4288 1068 4360; x_wconf 89' lang='lat' dir='ltr'><strong>nissime</strong></span> <span class='ocrx_word' id='word_1_263' title='bbox 1135 4288 1436 4383; x_wconf 85' lang='lat' dir='ltr'><strong>perspici</strong></span> <span class='ocrx_word' id='word_1_264' title='bbox 1498 4313 1585 4360; x_wconf 85' lang='lat' dir='ltr'><strong>ex</strong></span> <span class='ocrx_word' id='word_1_265' title='bbox 1655 4289 2000 4382; x_wconf 78' lang='lat' dir='ltr'><strong>Euripidis</strong></span> <span class='ocrx_word' id='word_1_266' title='bbox 2067 4312 2264 4360; x_wconf 77' lang='lat' dir='ltr'><strong>versu</strong></span> <span class='ocrx_word' id='word_1_267' title='bbox 2283 4342 2305 4379; x_wconf 99' lang='lat'><strong>,</strong></span> <span class='ocrx_word' id='word_1_268' title='bbox 2371 4313 2575 4383; x_wconf 85' lang='lat' dir='ltr'><strong>quem</strong></span> <span class='ocrx_word' id='word_1_269' title='bbox 2633 4311 2770 4359; x_wconf 87' lang='lat' dir='ltr'><strong>non</strong></span> <span class='ocrx_word' id='word_1_270' title='bbox 2828 4287 3001 4358; x_wconf 80' lang='lat' dir='ltr'><strong>affe-</strong></span> 
     </span>
    </p>
   </div>
  </div>
 </body>
</html>
