3259 5275
854 457 944 521 00
1525 457 1641 517 DE
1712 454 2255 518 PARTICVLA
2297 449 2394 518 ὃν

858 670 928 740 Ρ.
956 641 1131 714 383.
1186 639 1394 733 (455.
1445 638 1517 740 5.
1552 643 1623 717 2.
1674 645 1934 738 Bekk.)
1987 644 2548 716 consentientibus
2575 646 2792 715 libris.
2843 649 3042 740 ἐβου-

859 743 1092 846 λόμην
1122 748 1261 840 μὲν
1295 775 1451 837 ουν,
1506 744 1563 821 ὦ
1593 745 2025 846 Ἀθηναῖοι,
2077 748 2200 821 καὶ
2205 777 2367 877 ,την
2393 743 2666 843 βουλήν
2711 776 2873 830 τους
2903 777 3043 824 mv·

852 851 1240 931 »raxooa'ovc
1266 850 1384 924 καὶ
1409 878 1541 932 τας
1566 851 1931 976 ἐκκλησίας
1958 847 2105 925 ὑπό
2130 852 2278 927 τῶν
2305 845 2800 950 ἐφεστηκότων
2831 847 3042 946 ὀρθῶς

857 957 1340 1044 διοικεῖσθαι,
1391 954 1514 1027 καὶ
1555 980 1729 1035 τους
1766 950 2071 1048 νόμους,
2125 954 2248 1036 οὓς
2275 957 2804 1079 ἐνομοθέτησεν
2838 952 2876 1028 ὁ
2902 949 3047 1028 Σό-

853 1061 1006 1230 m
1020 1056 1217 1227 πὲρίιΒ
1212 1084 1340 1153 της
1366 1050 1696 1157 ρητόρων
1724 1055 2148 1153 εὐκοσμίας,
2204 1051 2495 1149 ἰσχύειν.
2582 1057 3046 1151 Aristophanes

1058 1306 1465 1413 ἐβουλόμην
1516 1315 1655 1402 μὲν
1706 1309 1838 1388 οὐκ
1887 1310 2145 1409 ἐρίζειν
2197 1307 2497 1388 ἐνθαδε·

852 1467 971 1535 ubi
1012 1466 1392 1537 Brunckius
1424 1489 1561 1535 non
1599 1467 1898 1537 debebat
1930 1466 2187 1535 addere
2228 1463 2341 1538 ἄν.
2442 1465 2749 1557 Vterque
2786 1465 3047 1557 scriptor

851 1579 1038 1639 recte
1086 1570 1403 1660 loquutus
1455 1577 1576 1642 est.
1683 1573 1863 1639 Nam
1906 1571 2236 1664 significat
2273 1569 2442 1638 illud
2490 1563 2892 1664 ἐβουλόμην
2937 1585 3047 1637 cu-

841 1671 1173 1766 piebam,
1227 1675 1335 1741 cui
1378 1675 1695 1763 quoniam
1744 1694 1882 1742 non
1925 1682 2026 1742 est
2068 1671 2459 1766 oppositum
2512 1682 2598 1743 at
2637 1695 2784 1741 uon
2839 1671 3047 1765 cupio,

852 1787 1038 1845 recte
1085 1776 1277 1845 abest
1315 1774 1428 1848 ἄν.
1532 1776 1770 1866 Itaque
1817 1776 2006 1869 apud
2049 1775 2458 1845 Aeschinem
2509 1799 2782 1844 sensum
2824 1776 3047 1844 verbo-

729 1885 737 1892 “
852 1902 1003 1948 rum
1030 1880 1230 1948 etiam
1272 1880 1366 1947 ita
1403 1871 1563 1948 licet
1591 1880 2010 1972 exprimere,
2065 1877 2377 1949 debebat
2404 1879 2704 1949 servari
2733 1879 3047 1971 antiquus

850 2004 1009 2052 mos
1049 1982 1506 2055 iudiciorum.
1607 1982 1822 2076 Apud
1860 1982 2391 2074 Aristophanem
2430 1993 2656 2051 autem
2694 1984 2807 2073 qui
2849 1981 3047 2071 loqui-

851 2098 979 2173 tur,
1024 2085 1429 2178 Aeschylus,
1471 2107 1684 2176 quum
1719 2083 2098 2179 cupiebam
2133 2108 2280 2155 non
2328 2095 2627 2157 certare
2669 2087 2865 2177 dicit,
2925 2106 3048 2153 m

852 2213 1013 2258 nere
1043 2213 1116 2259 se
1147 2190 1438 2258 alienum
1461 2213 1503 2256 a
1529 2189 1832 2258 certandi
1858 2190 2223 2283 cupiditate
2251 2189 2524 2277 indicat,
2554 2190 2832 2276 etiamsi,
2862 2209 3049 2279 quum

853 2293 1228 2362 detrectare
1255 2301 1568 2382 nequeat,
1613 2301 1983 2362 certaturus
2007 2303 2143 2362 est:
2193 2292 2265 2361 id
2294 2293 2481 2382 quod
2499 2293 2607 2363 his
2633 2295 2855 2363 verbis
2875 2291 3049 2361 dicit:

1058 2441 1251 2538 ὅμως
1302 2440 1405 2522 δ’,
1462 2437 1713 2537 ἐπειδή
1764 2471 1884 2518 σοι
1936 2447 2171 2535 δοκεῖ,
2225 2446 2407 2543 δρὸἷν
2459 2446 2703 2521 ταῦτα
2756 2438 2906 2544 χρή.

852 2596 993 2667 Sed
1041 2596 1542 2667 observandum
1586 2608 1721 2683 est,
1784 2599 1896 2669 vix
1932 2598 2124 2668 aliter
2161 2597 2300 2668 hoc
2345 2600 2629 2671 verbum
2670 2592 3049 2696 ἐβουλόμην

849 2703 917 2769 in
968 2702 1301 2794 principio
1351 2702 1627 2792 quidem
1678 2704 1993 2772 orationis
2036 2704 2267 2773 carere
2305 2727 2508 2797 posse
2559 2705 2892 2798 particula
2942 2699 3047 2791 ἄν,

851 2827 1056 2894 quam
1090 2805 1143 2872 si
1170 2804 1306 2895 μὲν
1336 2805 1707 2894 adficiatur,
1761 2829 1899 2896 quo
1934 2807 2153 2876 statim
2183 2807 2531 2896 indicetur,
2585 2810 2711 2879 etsi
2741 2809 2883 2899 quis
2909 2805 3048 2873 velit

849 2907 1135 2997 aliquid,
1188 2917 1432 2996 tamen,
1483 2908 1673 3000 quod
1698 2911 1882 2996 velit,
1933 2933 2069 2979 non
2103 2911 2270 2979 fieri.
2373 2912 2610 3003 Itaque
2638 2909 3046 2982 Antisthenes

847 3010 1081 3080 rhetor
1099 3011 1471 3080 orationem
1484 3013 1751 3081 Aiacis
1731 3036 1799 3081 m
1828 3013 2089 3082 Reiskii
2110 3012 2327 3084 Oratt.
2346 3016 2479 3084 vol.
2511 3016 2693 3087 vlu.
2713 3040 2783 3108 Ρ.
2816 3011 2929 3084 52.
2943 3012 3046 3100 sic,

847 3124 921 3182 ut
951 3114 1137 3204 fecit,
1191 3115 1476 3185 debuit
1455 3115 1792 3208 mciperez
1843 3110 2254 3241 ἐβουλόμην
2289 3144 2382 3190 αν
2407 3143 2579 3200 τους
2595 3144 2865 3200 αυτους
2891 3113 3048 3212 ημῖν

851 3211 1201 3306 δικάζειν,
1257 3224 1468 3315 οἵπερ
1515 3219 1637 3291 καὶ
1684 3223 1762 3292 ἐν
1807 3225 1962 3301 τοῖς
2002 3213 2380 3316 πράγμασι
2425 3221 2785 3319 παρῆσαν.
2886 3219 3047 3288 Nam

853 3320 905 3388 si
933 3322 1282 3409 omisisset,
1313 3345 1587 3391 narrare
1620 3322 1965 3391 videretur
1982 3346 2056 3391 se
2085 3323 2374 3393 voluisse
2402 3324 2591 3414 illud,
2626 3346 2809 3393 nunc
2841 3330 3043 3391 autem

847 3424 1168 3493 abiecisse
1223 3448 1375 3494 eam
1416 3427 1846 3495 voluntatem.
1949 3426 2377 3495 simillimum
2430 3436 2531 3496 est
2568 3379 2708 3496 hoc
2759 3422 3045 3516 Dionysii

842 3526 998 3595 Hal.
1043 3527 1189 3599 Art.
1233 3528 1438 3600 Rhet.
1483 3553 1541 3598 c.
1590 3528 1660 3598 3.
1709 3530 1847 3600 init.
1891 3552 1962 3622 Ρ.
1998 3528 2169 3598 233.
2215 3529 2378 3623 ἐμοι
2416 3531 2556 3622 μὲν
2599 3557 2690 3627 ην
2731 3520 3041 3654 τερπνόν,

844 3621 1074 3701 αὐτον
1119 3625 1455 3726 παρόντα
1514 3631 1638 3705 καὶ
1689 3625 2224 3756 συγχορεύοντα
2279 3631 2401 3705 καὶ
2462 3626 3045 3757 α’ναβακχουοντα

843 3758 1035 3823 μετα
1093 3733 1256 3821 σοῦ’,
1310 3733 1439 3829 τῆς
1478 3734 1686 3834 φίλης
1727 3733 1893 3826 ἐμοὶ
1938 3728 2273 3832 κεφαλῆς,
2326 3732 2599 3829 ὑμνεῖν.
2712 3737 2871 3821 Quo
2903 3736 3044 3803 loco

843 3833 952 3901 vix
979 3844 1148 3926 puto
1183 3835 1470 3905 dubitari
1496 3860 1700 3930 posse
1730 3839 1892 3928 quin
1923 3839 2246 3910 exciderit
2270 3839 2604 3933 particula
2651 3837 2769 3911 ἄν.
2868 3836 3042 3907 Dici-

839 3944 948 4107 ἓιι
980 3940 1370 4111 ἷοτοιθέιίιιιι
1410 3934 1812 4038 ἐβουλόμην
1838 3942 1978 4034 μὲν
2015 3970 2148 4032 αν,
2201 3951 2279 4011 ut
2305 3942 2495 4035 apud
2527 3941 3043 4034 Aristophanem

905 4062 983 4108 cc
1010 4063 1081 4110 es

1046 4188 1453 4293 ἐβουλόμην
1503 4197 1643 4290 μὲν
1696 4203 1948 4296 ἕτερον
1994 4196 2088 4270 ἄν
2139 4224 2287 4271 των
2338 4193 2639 4294 η’θοῖδων

1044 4297 1274 4391 λέγειν
1326 4328 1421 4373 τα
1469 4297 1849 4394 βέ’,λτισθ
1903 4296 2001 4374 ἵν’
2055 4293 2431 4399 ἐκαθήμην
2482 4297 2759 4398 ἥσυχος.

839 4450 976 4534 Qui
1004 4452 1226 4541 locus,
1284 4462 1360 4522 ut
1383 4454 1693 4547 plerique
1720 4476 1985 4541 omnes,
2034 4454 2105 4522 in
2138 4453 2382 4544 quibus
2422 4450 2761 4522 adiectum
2801 4461 2902 4523 est
2936 4448 3038 4528 ἄν,
