3259 5275
11 4320 58 4573 83·-

1100 497 1275 562 LIB.
1317 498 1394 563 11.
1483 500 1681 564 cAP.
1729 503 1792 566 8.
2475 508 2565 573 88

334 695 416 755 ut
447 686 788 780 legitimus
826 687 1219 778 obtinuerit,
1271 711 1409 760 non
1453 713 1625 784 opus
1664 691 1846 761 foret
1880 689 2132 779 aliquid
2178 692 2267 763 de
2308 717 2393 765 eo
2432 697 2565 767 ad-

327 791 575 877 ficere,
629 790 748 858 nisi
788 791 856 859 in
896 791 1152 883 aliquot
1182 794 1348 864 locis
1393 795 1679 865 Homeri
1726 794 2076 887 singularis
2112 798 2450 885 quaedam
2492 810 2563 871 et

324 894 425 962 ab
461 894 839 963 recentiore
882 895 1363 967 consuetudine
1396 897 1661 968 diversa
1696 897 1868 965 ratio
1911 896 2558 989 deprehenderetur.

321 1000 439 1068 Ac
477 998 706 1090 primo
750 999 1154 1070 recentiores
1196 1023 1336 1069 non
1378 1000 1607 1072 dicunt
1648 1000 1911 1071 divisim
1967 1004 2039 1073 εἰ
2075 999 2204 1092 ἄν,
2276 1005 2400 1075 sed
2447 1005 2559 1103 ἦν.

316 1101 537 1194 Epici
562 1110 788 1169 autem
817 1103 959 1175 εἶκε
985 1104 1406 1195 saepissime,
1448 1129 1580 1197 pro
1603 1129 1742 1196 quo
1772 1103 2131 1173 Dorienses
2164 1109 2333 1179 αἴκα
2363 1132 2560 1178 usur-

314 1215 533 1299 pant3
580 1214 724 1273 tum
760 1206 961 1273 etiam
1003 1208 1073 1279 εἰ
1101 1205 1194 1282 ἄν
1209 1262 1238 1298 ,
1290 1207 1415 1277 sed
1440 1207 1577 1276 hoc
1608 1209 1885 1300 quidem
1915 1229 2053 1275 non
2085 1209 2211 1277 nisi
2251 1212 2562 1306 interpo—

319 1310 455 1377 sita
483 1307 712 1398 aliqua
752 1330 960 1392 voce,
1012 1311 1201 1403 quod
1230 1312 1299 1381 in
1339 1312 1687 1406 particulis
1730 1315 1806 1387 εἴ
1830 1337 1910 1384 κε
1944 1333 2085 1379 non
2114 1317 2562 1386 necessarium

320 1420 448 1481 est.
499 1411 691 1480 Iliad.
719 1440 785 1505 y.
825 1411 1000 1485 288.

430 1566 507 1638 εἰ
533 1559 608 1638 ‹5‘
638 1562 730 1637 ἄν
760 1561 922 1656 ἐμοὶ
950 1559 1176 1662 τιμήν
1205 1563 1546 1661 Πρίαμος
1588 1558 1976 1665 Πριάμοιό
2005 1592 2091 1639 τε
2122 1571 2373 1651 παῖδες
2447 1551 2464 1556 ’

428 1666 666 1741 τίνειν
697 1663 828 1741 οὐκ
857 1670 1226 1743 ἐθέλωσιν.

320 1821 598 1893 Deinde
638 1843 848 1911 quum
892 1822 1046 1890 satis
1103 1830 1366 1892 constet
1379 1872 1401 1909 ,
1439 1821 1655 1916 'apud
1707 1824 2112 1893 recentiores
2154 1827 2558 1915 pronomina

322 1937 397 1996 et
423 1948 606 2017 quae
633 1923 736 1993 his
767 1923 1004 1993 similia
1035 1935 1188 1993 sunt
1212 1925 1566 2006 vocabula,
1617 1933 1693 1993 ut
1724 1922 1825 2015 ὅς,
1878 1924 2091 2016 ὅςτις,
2142 1926 2315 2008 οἶος,
2359 1926 2552 2020 ὅσος,

324 2023 729 2123 ὁπότερος,
783 2049 940 2096 cum
987 2026 1080 2101 ἄν
1121 2038 1191 2097 et
1236 2028 1660 2097 coniunctivo
1702 2030 2123 2111 consociata,
2176 2030 2384 2099 futuri
2431 2055 2554 2101 ex-

321 2133 457 2201 acti
492 2130 1048 2224 significationem
1076 2131 1370 2220 habere,
1422 2154 1616 2201 secus
1655 2127 1732 2198 id
1762 2141 1866 2199 est
1894 2130 2083 2223 apud
2116 2142 2375 2203 veteres
2410 2136 2553 2227 epi-

322 2258 439 2305 cos
457 2285 478 2323 ,
533 2243 612 2303 ut
642 2232 719 2302 hi
747 2257 900 2303 eam
929 2235 1493 2305 constructionem
1537 2235 1741 2304 etiam
1782 2235 1967 2303 finali
2008 2235 2385 2329 significatu
2421 2237 2550 2307 ad-

320 2339 657 2409 miserint:
709 2340 913 2429 quale
940 2338 1078 2410 hoc
1106 2348 1210 2410 est
1234 2337 1424 2408 Iliad.
1456 2340 1518 2412 δ.
1548 2336 1723 2407 196.

422 2513 626 2634 ἄξιος
655 2504 730 2583 δ’
748 2501 970 2634 ιἠτῇρ
1000 2502 1486 2633 έπιμοξσσεται
1504 2558 1529 2600 ,
1575 2504 1699 2603 ἡδ’
1728 2501 2100 2632 ,ἔπιθ’ήσει,

418 2640 739 2714 φαρμαχ
765 2660 800 2695 ,
852 2642 901 2686 α
932 2640 1054 2688 κεν
1082 2638 1403 2712 παυσῃσι
1432 2613 1849 2708 μελαιναων
1873 2612 2198 2686 οδυναων
2217 2630 2236 2649 ·

318 2788 361 2860 i.
402 2810 470 2862 e.
513 2806 708 2880 quae
754 2783 1035 2873 leniant
1077 2784 1376 2856 dolores
1390 2810 1415 2855 .·
1465 2780 1657 2875 quod
1697 2781 2032 2851 recentior
2080 2805 2304 2851 sermo
2347 2784 2459 2853 vel
2499 2783 2553 2857 οἳ

318 2883 632 2979 παύσει,
687 2879 801 2957 vel'
851 2886 903 2960 ἂ
947 2882 1290 2963 παύσειεν
1323 2887 1415 2961 ἂν
1467 2886 1654 2959 dixit.
1754 2884 1968 2978 Apud
2013 2885 2255 2978 Eurip.
2304 2886 2551 2980 Suppl.
2598 2882 2610 2907 ⁸

315 2989 495 3063 451.
529 2992 712 3061 male
754 2990 914 3061 Ald.
951 2990 1030 3071 ὃς
1066 3014 1196 3085 pro
1227 2986 1341 3073 ὥς.
1442 2988 1782 3080 Exempla
1826 2988 2025 3057 huius
2064 2991 2339 3082 generis
2391 3013 2550 3059 cum

316 3095 518 3180 ὅςκεν
550 3104 812 3165 exstant
844 3093 1035 3167 Iliad.
1072 3122 1140 3192 η.
1184 3093 1359 3167 171.
1407 3123 1459 3166 ι.
1498 3089 1665 3165 165.
1699 3090 1874 3161 424.
1922 3120 2000 3188 φ.
2035 3091 2211 3167 163.
2257 3114 2337 3188 ψ.
2371 3091 2547 3161 345.

317 3228 392 3274 ω.
425 3198 604 3270 119.
634 3197 847 3290 (147.
886 3196 1056 3273 176.
1102 3196 1308 3290 196.)
1353 3195 1488 3271 Od.
1512 3202 1586 3291 β.
1614 3193 1789 3268 192.
1818 3194 1991 3266 213.
2029 3198 2093 3269 δ.
2131 3192 2305 3264 756.
2336 3205 2389 3283 ζ.
2425 3194 2545 3266 37.

317 3302 495 3373 262.
542 3331 596 3376 ι.
667 3299 841 3371 356.
887 3328 952 3376 ιι.
1019 3299 1191 3371 288.
1242 3299 1419 3375 539.
1458 3304 1522 3376 λ.
1570 3298 1747 3373 134.
1803 3299 1930 3391 (ψ.
1980 3296 2202 3391 282.)
2255 3327 2318 3372 ν.
2367 3298 2547 3374 466.

314 3434 380 3481 ο.
423 3405 605 3479 311.
643 3401 821 3479 518.
869 3433 946 3479 π.
984 3403 1159 3477 349.
1192 3431 1258 3501 ρ.
1291 3400 1469 3479 385.
1505 3429 1571 3480 σ.
1600 3402 1728 3479 85.
1774 3424 1932 3470 cum
1976 3395 2384 3497 ὁππότερός
2423 3430 2547 3477 κεν

313 3510 507 3585 Iliad.
563 3539 631 3601 χ.
661 3508 837 3582 136.
878 3531 961 3605 ψ.
1009 3504 1187 3582 865.
1225 3531 1383 3577 cum
1424 3509 1625 3582 αἴκεν
1654 3502 1796 3579 Od.
1840 3530 1902 3577 o.
1934 3503 2106 3572 312.
2139 3533 2203 3595 χ.
2234 3504 2306 3576 7.
2341 3516 2548 3597 atque

314 3616 514 3703 alibi,
567 3621 645 3683 ut
683 3612 876 3682 Iliad.
918 3640 972 3687 ε.
1016 3610 1191 3687 279.
1237 3640 1305 3710 η.
1354 3608 1529 3680 243.
1595 3609 1870 3680 Omisso
1918 3618 2142 3677 autem
2190 3608 2310 3682 κέν
2336 3609 2435 3677 ita
2471 3609 2551 3692 ὃς

309 3720 421 3789 vel
455 3714 650 3800 ὅςτις
678 3716 865 3785 lliad.
895 3722 967 3808 β.
1000 3715 1175 3790 233.
1208 3745 1271 3809 y.
1311 3713 1484 3784 287.
1540 3711 1678 3783 Od.
1721 3709 1995 3786 0:334.
2041 3719 2111 3779 et
2142 3701 2552 3809 ὁππότερος

309 3821 505 3891 Iliad.
541 3849 598 3895 ε.
623 3818 744 3889 33.
847 3821 1092 3910 Neque
1119 3830 1348 3888 tamen
1377 3820 1716 3888 Homerus
1756 3816 2035 3885 alteram
2065 3815 2393 3883 rationem
2421 3816 2548 3884 ad-

314 3933 673 4018 spernatur
690 3976 711 4013 ‚
773 3947 951 4016 quae
1009 3925 1381 4016 optativum
1426 3920 1741 4013 requiritz
1810 3919 1899 3988 de
1954 3941 2091 4008 qua
2136 3940 2214 3987 re
2266 3918 2548 3999 dicetur,

314 4029 431 4097 ubi
472 4027 567 4097 ad
599 4029 974 4121 optativum
1017 4027 1543 4120 pervenerimus
1646 4023 1896 4094 Rarius
1926 4022 2155 4091 futuro
2185 4022 2392 4091 utitur
2405 4075 2426 4111 ‚
2477 4033 2552 4091 ut

319 4129 450 4202 od.
482 4141 538 4216 ε.
573 4130 747 4202 331.
805 4134 905 4225 (τ.
943 4129 1149 4224 288.)

413 4301 657 4396 ὤμοσε
690 4303 769 4378 δὲ
799 4295 980 4427 πςός
1012 4298 1137 4397 ἔμ’
1170 4292 1430 4378 αὐτόν,
1486 4293 1960 4371 ἀποσπένδων
1990 4293 2093 4368 ἔνι’
2125 4297 2338 4391 οἴκῳ,
2411 4358 2414 4363 .

413 4409 551 4505 νῆα
578 4403 1078 4503 κατὲιρυσθαι
1112 4404 1232 4478 καὶ
1260 4403 1615 4499 ἐπαρτέας
1642 4401 1874 4492 ἔμμεν
1906 4396 2281 4491 ἑταίρους,

408 4518 486 4585 οἳ
510 4505 602 4611 δή
634 4538 772 4607 μιν
808 4511 1190 4607 πέμψουσι
1224 4506 1434 4606 φίλην
1470 4509 1537 4587 ἐς
1572 4502 1893 4602 πατρίδα
1924 4507 2165 4596 γαῖαν.

1978 4619 2041 4689 F
2088 4616 2137 4689 2
