3259 5275
1006 515 1177 579 LIB.
1216 513 1267 576 1.
1357 514 1552 578 CAP.
1599 518 1699 583 12.
2017 573 2022 578 Α
2367 523 2456 585 oe

246 703 501 773 videtur
560 711 794 773 tamen
852 702 1020 772 illud
1080 706 1455 799 respexisse
1501 718 1764 797 orator,
1838 707 1960 778 sed
2019 695 2339 800 retulisse
2370 732 2455 779 ea

246 810 447 877 verba
475 807 566 875 ad
594 804 825 895 ἀξίαν,
877 816 951 875 ut
996 808 1271 895 diceret,
1327 832 1475 902 qua
1502 811 1628 882 ille
1656 811 1935 906 dignus
1970 820 2141 882 erat
2162 813 2453 906 gratia,

240 934 328 981 ea
341 910 773 1005 perexigua
802 920 990 980 erat.
1095 912 1279 981 Tum
1309 936 1474 982 vero
1516 938 1602 984 ne
1643 916 1865 1007 potuit
1896 914 2174 1006 quidem
2200 914 2456 986 addere

237 1015 656 1108 particulam.
716 1013 983 1083 Eadem
1013 1015 1182 1084 ratio
1209 1025 1310 1085 est
1337 1017 1770 1110 Antiphontis
1799 1021 2164 1088 verborum
2187 1041 2258 1111 p.
2279 1016 2454 1089 689.

239 1116 387 1210 (36.
426 1113 503 1214 5.
551 1117 639 1209 4)
690 1113 781 1190 οὗ
823 1144 964 1213 γαρ
1001 1114 1401 1212 ἄτρεμίζων
1438 1117 1784 1195 ‹iud-&ave
1894 1123 2031 1207 Qui
2079 1122 2133 1190 si
2177 1122 2455 1210 diceret,

235 1244 374 1291 non
430 1231 626 1292 esset
665 1230 1035 1308 mortuus,
1103 1221 1171 1292 si
1209 1221 1284 1291 in
1325 1245 1458 1294 sno
1505 1225 1670 1294 loco
1716 1225 2110 1296 mansisset
2127 1273 2147 1310 ‚
2199 1224 2456 1296 addere

236 1326 578 1395 debuisset
628 1324 1043 1417 particulam.
1150 1326 1245 1395 At
1287 1348 1420 1395 non
1473 1327 1610 1396 hoc
1666 1328 1860 1416 dicit,
1913 1329 2071 1411 sed,
2122 1338 2454 1401 mortuus

235 1438 379 1518 est,
438 1428 616 1522 quia
642 1450 787 1497 non
815 1426 1088 1498 mansit
1124 1428 1201 1497 in
1228 1429 1412 1502 loco.
1450 1453 1462 1462 ·

436 1532 624 1601 Volo
651 1531 768 1600 hic
800 1554 995 1600 usum
1028 1532 1394 1621 quemdam
1428 1533 1803 1625 particulae
1838 1531 1930 1605 ἄν
1961 1555 2119 1601 cum
2150 1534 2452 1625 particu-

234 1637 308 1705 lis
375 1629 615 1732 δήπου
680 1635 1072 1706 coniunctae
1130 1658 1664 1705 commemorare
1681 1685 1702 1723 ‚
1770 1637 1929 1727 quia
1980 1635 2180 1705 facile
2236 1635 2453 1706 videri

230 1747 463 1833 potest
500 1739 743 1806 alicubi
782 1739 1100 1806 omissum
1135 1762 1279 1808 esse
1325 1737 1377 1812 ἅ
1381 1768 1417 1812 ν
1434 1789 1456 1826 ,
1507 1741 1623 1809 ubi
1639 1791 1660 1827 ,
1713 1739 1770 1808 si
1815 1740 2181 1809 accuratius
2231 1740 2454 1809 consi-

232 1843 429 1912 deres
447 1893 472 1932 ,
524 1841 733 1910 debet
777 1841 1027 1912 abesse.
1129 1842 1508 1913 Particulae
1556 1844 1711 1911 illae
1748 1836 1982 1939 δήπου
2020 1843 2204 1912 idem
2247 1843 2455 1937 sig-ni-

229 1948 473 2030 ficant,
527 1944 715 2035 quod
742 1945 811 2013 in
840 1943 1247 2014 Germanica
1286 1946 1517 2039 lingua
1549 1946 1742 2015 doch
1781 1945 1997 2018 wohl.
2098 1946 2453 2039 Vsurpan-

229 2060 337 2117 tur
380 2057 610 2116 autem
654 2049 781 2134 im,
832 2055 906 2115 ut
947 2046 1188 2117 Latine
1226 2072 1355 2142 per
1400 2049 1629 2118 credo
1671 2049 1839 2117 verti
1887 2049 2167 2140 possint.
2265 2049 2453 2118 Indi-

230 2164 384 2224 cant
402 2153 586 2221 enim
615 2151 724 2220 vix
757 2173 1165 2241 quemquam
1203 2151 1663 2220 dubitaturum
1690 2174 1859 2224 esse.
1900 2151 2045 2219 lam
2064 2174 2272 2242 saepe
2286 2152 2456 2223 istae

228 2255 605 2350 particulae
629 2255 701 2322 in
731 2254 1058 2323 eiusmodi
1084 2257 1386 2324 oratione
1412 2256 1856 2341 inveniuntur,
1905 2262 1980 2322 ut
2001 2255 2222 2346 possis
2254 2256 2454 2324 etiam

230 2358 319 2432 ἄν
372 2358 725 2427 adhibere.
828 2358 926 2427 Vt
978 2358 1168 2450 apud
1215 2358 1709 2451 Antiphontem
1752 2357 1842 2426 de
1884 2357 2097 2425 caede
2156 2356 2453 2427 Herodis

228 2484 298 2554 p.
345 2459 522 2530 Ί16.
575 2458 732 2590 (56.
778 2456 850 2556 5.
900 2459 1033 2552 24)
1086 2459 1330 2535 καίτοι
1375 2489 1456 2555 γε
1504 2458 1593 2535 οὐ
1637 2455 1871 2556 δήπου
1913 2455 2084 2533 κατ’
2127 2462 2456 2551 ἐμαυτου

226 2559 560 2663 μηνυτῆν
614 2564 978 2658 ἔπεμπον,
1050 2558 1309 2685 sidcis-3·
1340 2566 1550 2659 atqui
1593 2587 1739 2633 ποπ
1778 2562 1978 2649 misi,
2031 2563 2294 2652 credo,
2341 2563 2455 2633 in-

228 2670 472 2738 dicem
521 2668 760 2738 sciens
809 2676 1076 2738 contra
1118 2690 1234 2737 me
1283 2668 1457 2762 ipse.
1563 2668 1699 2737 Vbi
1730 2668 1786 2737 si
1825 2667 2127 2756 dixisset,
2181 2662 2312 2740 οὐκ
2358 2667 2452 2743 ἄν

226 2800 364 2846 κατ
423 2771 760 2864 ἐμαυτοῦ
782 2798 1110 2869 μηνυτην
1139 2772 1507 2863 ἔπεμπον·
1477 2826 1500 2863 ,
1555 2771 1765 2864 atqui
1800 2793 1944 2840 ποπ
1973 2770 2320 2840 misissem
2344 2770 2453 2840 in-

229 2875 475 2944 dicem
512 2882 787 2945 contra
844 2895 959 2942 me
1014 2875 1204 2995 ipse,
1269 2874 1459 2947 idem
1510 2874 1740 2944 dicere
1787 2874 1963 2943 visus
2006 2882 2203 2947 esset.
2305 2873 2451 2944 Sed

228 3002 362 3048 non
408 2987 516 3047 est
570 2978 681 3050 ita.
786 2979 966 3045 Nam
1012 2961 1127 3047 ubi
1167 2976 1334 3045 illud
1389 2970 1648 3101 δήπου
1665 2978 1807 3047 sine
1854 3005 1945 3049 αν
1986 2977 2284 3069 positum
2326 2987 2449 3066 est,

230 3105 505 3174 semper
549 3082 877 3149 sententia
919 3081 1067 3150 talis
1114 3088 1250 3164 est,
1302 3088 1419 3167 ut,
1472 3081 1527 3147 si
1559 3073 1792 3167 δήπου
1825 3080 2064 3170 tollas,
2112 3079 2280 3148 illud
2318 3079 2448 3148 ha-

229 3184 427 3271 beas,
504 3182 693 3273 quod
753 3183 1127 3253 necessario
1187 3206 1316 3274 per
1356 3182 1573 3252 solum
1616 3181 2048 3252 indicativum
2086 3182 2450 3251 dicendum

234 3298 405 3376 erat,
462 3288 622 3377 quia
650 3287 816 3377 quid
850 3287 1237 3380 simpliciter
1279 3287 1364 3354 sit
1408 3285 1519 3354 vel
1559 3286 1763 3354 fuerit
1799 3284 2069 3359 indicat.
2171 3285 2267 3354 Vt
2304 3284 2447 3356 hic.

232 3415 367 3461 non
386 3391 558 3461 mist
542 3389 895 3460 indicem
924 3399 1190 3460 contra
1218 3411 1333 3459 me
1361 3388 1535 3482 ipse.
1589 3388 1782 3457 Idem
1798 3387 2149 3480 Antiphon
2179 3410 2251 3480 p.
2273 3383 2448 3457 725.

232 3494 383 3584 (62.
440 3488 512 3589 5.
548 3491 685 3585 43)
740 3489 829 3566 οὐ
867 3486 1008 3588 γοῖρ
1041 3485 1275 3614 δήπου
1321 3489 1512 3567 οὕτω
1553 3488 2014 3583 κακοδαίμων
2053 3484 2225 3584 ἐγω,
2278 3487 2450 3573 dicu

232 3626 318 3672 το
380 3597 523 3692 μὲν
596 3592 1023 3669 οἷποκτεῖναι
1070 3622 1206 3668 τον
1264 3594 1500 3689 ἄνδρα
1560 3586 2130 3690 προυνοησοὲμην
2190 3585 2444 3685 μόνος,

233 3707 347 3774 ἵνα
388 3727 527 3792 μοι
576 3696 818 3796 μηδείς
863 3697 1258 3794 συνειδείη,
1315 3702 1390 3771 ἐν
1440 3693 1499 3792 ᾦ
1528 3723 1665 3789 μοι
1710 3693 1754 3768 ὁ
1791 3694 1932 3776 πᾶς
1970 3694 2292 3778 κίνδυνος
2335 3690 2444 3793 ἦν,

232 3803 367 3927 ἤδη
404 3803 483 3876 δὲ
522 3801 1035 3924 πεπραγμένου
1077 3825 1213 3892 μοι
1240 3801 1381 3874 τοῦ
1409 3800 1661 3895 ἔργου,
1709 3821 2091 3894 μαρτυρας
2114 3797 2234 3870 καὶ
2263 3823 2448 3891 συμ-

231 3901 538 3998 βουλους
560 3897 999 4024 ἐποιουμην.
1030 3902 1404 3973 Aeschines
1447 3926 1505 3972 c.
1537 3900 1884 3973 Timarch.
1914 3924 1988 3992 p.
2016 3899 2189 3974 110.
2231 3899 2445 3991 (829.

232 4005 299 4104 5.
330 4008 470 4100 87)
526 4012 704 4102 φέρε
734 4000 825 4103 δή
850 4031 1030 4103 προς
1063 4004 1206 4080 τοῦ
1237 4000 1464 4129 Aeac.¹
1452 4003 1571 4077 καί
1604 4032 1752 4078 των
1775 4003 1971 4078 θεαῖν
1998 4055 2020 4093 ,
2073 4030 2135 4075 ει
2125 4001 2282 4078 ’ἐπὶ
2309 3999 2448 4101 τήν

233 4105 459 4209 αὑτήν
490 4103 904 4234 ἐτράποντο
935 4104 1363 4238 auoaoya'ar3
1394 4105 1642 4237 simeo
1678 4107 2049 4200 Τίμαρχος
2089 4104 2278 4196 νυνί,
2327 4104 2450 4181 καὶ

235 4221 303 4288 οἱ
340 4237 948 4309 συναγορευοντες
973 4206 1196 4307 αὐτῷ,
1225 4211 1344 4285 καί
1368 4207 1608 4301 ἠξίουν
1633 4202 2024 4331 διαρρήδην
2049 4236 2218 4282 τινα
2246 4234 2445 4333 μαρ-

234 4323 474 4414 τυρεῖν
521 4315 688 4412 περὶ
731 4314 859 4411 τῆς
899 4313 1171 4401 αἰτίας,
1223 4313 1270 4408 ἢ
1304 4340 1477 4392 τους
1515 4306 1858 4393 δεκαστας
1904 4338 2008 4407 μη
2050 4337 2444 4403 πιστευειν,

235 4417 474 4494 ἅπασα
507 4413 743 4516 δήπου
772 4411 1042 4514 ανάγκη
1073 4412 1161 4514 ἦν
1195 4422 1270 4490 ἐκ
1300 4415 1438 4491 τοῦ
1470 4407 1690 4508 λόγου
1727 4408 2001 4489 τούτου
2043 4418 2444 4542 μαρτυρεῖν

234 4548 363 4597 τον
389 4525 571 4617 μέν,
624 4547 718 4604 ως
749 4521 1067 4607 ἐδέκαζε,
1118 4515 1252 4594 τόν
1285 4519 1362 4595 δὲ
1395 4544 1486 4601 ως
1516 4510 1792 4605 ἐδεκαζε
1797 4544 1925 4608 το,
1977 4516 2444 4614 προκειμένης
