3259 5275
1015 507 1182 569 [ΑΒ.
1230 508 1276 573 1.
1366 509 1555 572 cAP.
1602 514 1702 578 12
2394 523 2485 587 6⁷

251 715 635 787 repugnare
674 695 954 766 forsitan
994 698 1381 770 videbitur
1360 701 1942 823 1is‚quae·snpra
1985 702 2304 793 diximus,
2357 712 2474 781 ubi

247 797 477 866 addita
510 799 597 867 sit
624 801 986 894 particula,
1040 805 1443 873 contrarium
1486 805 1746 898 opponi
1777 829 2001 899 posse.
2107 811 2265 882 Non
2298 815 2473 883 enim

246 903 513 992 opponi
544 912 817 994 potest
871 900 1035 978 ἀλλ’
1076 933 1164 979 ου
1193 901 1582 1003 βούλομαι.
1690 909 1809 979 Sic
1849 910 2048 980 etiam
2088 913 2159 981 in
2205 901 2471 1009 vespis,

242 1027 450 1094 quum
480 1006 862 1099 Bdelycleo
894 1008 1197 1098 dixisset,

1077 1161 1482 1260 κιθαρίζειν
1530 1157 1673 1263 γοῖρ
1731 1161 1862 1239 οὖν
1919 1164 2347 1258 ἐπίσταται,

208 1371 217 1376 ,
242 1311 613 1403 respondet
644 1335 710 1384 v.
739 1310 911 1383 960.
965 1314 1350 1404 Philoclen,

443 1459 587 1559 ἐγω
636 1462 709 1539 δ’
759 1438 1166 1567 ἐβουλόμην
1218 1495 1310 1542 αν
1351 1464 1521 1542 οὐδὲ
1570 1463 2000 1565 γράμματα.

238 1617 735 1688 Demosthenes
775 1620 1076 1715 Philipp.
1109 1623 1160 1690 1.
1203 1623 1275 1691 in
1302 1623 1439 1690 fine
1480 1646 1552 1744 p.
1585 1617 1710 1707 54,
1751 1620 1872 1690 29.
1930 1617 2339 1746 ἐβουλόμην
2385 1630 2461 1700 δ’

238 1719 346 1802 ἄν,
405 1719 637 1816 ὥςπερ
674 1719 794 1796 ὅτι
824 1722 1000 1817 ὑμῖν
1035 1727 1392 1822 συμφέρει
1420 1754 1535 1847 τα..
1564 1727 1914 1818 βέλτιστα
1947 1720 2242 1799 ἀκούειν
2272 1726 2460 1816 οἶδα,

237 1822 465 1905 οὕτως
523 1827 793 1900 εἰδέναι
853 1833 1189 1902 συνοῖσον
1255 1827 1374 1900 καὶ
1426 1826 1535 1922 τῷ
1582 1821 1684 1901 vo?
1727 1830 2079 1950 βέλτιστα
2144 1824 2460 1904 εἰπόντι·

234 1927 479 2022 πολλῷ
516 1954 657 2052 γαρ
692 1929 784 2002 οἳν
779 1928 1057 2058 ἥδιονἰ
1046 1927 1285 2005 εἷπον·
1338 1931 1471 2003 νῦν
1517 1926 1590 2002 δ’
1620 1935 1710 2003 ἐπ
1727 1925 2065 2026 ἀδήλοις
2106 1957 2194 2004 ου
2199 1958 2271 2004 σι
2306 1940 2463 2015 τοῖς

235 2024 383 2102 cino*
422 2024 710 2104 τούτων
761 2034 1057 2126 ἐμαυτῷ
1091 2035 1630 2132 γενησομένοις,
1703 2030 1896 2124 ὅμως
1924 2034 2038 2105 ἐπι
2082 2034 2189 2128 τῷ
2219 2037 2460 2110 συνοί·

234 2159 384 2206 σειν
426 2130 646 2227 υμῖν,
701 2130 829 2208 ἐαν
868 2130 1233 2234 πράξητε,
1286 2136 1529 2209 ταῦτα
1570 2141 2012 2224 πεπεῖσθαι,
2067 2138 2297 2227 λέγειν
2350 2146 2460 2212 αἱ

234 2235 528 2330 ροῦμαι.
581 2235 1038 2308 Aeschinesin
1060 2238 1369 2332 ctesiph.
1385 2262 1458 2330 p.
1478 2233 1651 2305 596.
1683 2233 1890 2329 (595.
1916 2232 1987 2332 §-
2006 2236 2179 2306 115.
2194 2239 2459 2332 Bekk.)

236 2338 314 2411 ὃν
358 2334 774 2437 ἐβουλόμην
815 2340 906 2414 ἄν
958 2341 1243 2416 πολλῶν
1284 2347 1490 2416 ἕνεκα
1548 2339 1692 2429 ζῆν.
1793 2340 2134 2411 Scilicet
2114 2364 2186 2410 m
2221 2342 2459 2414 huius-

231 2441 412 2510 modi
444 2443 611 2512 locis
654 2439 1057 2545 ἐβουλόμην
1104 2443 1197 2518 ἄν
1238 2452 1570 2538 potestate
1606 2442 1792 2511 idem
1842 2453 1948 2513 est
1994 2444 2217 2535 qnod,
2281 2445 2460 2518 bene

231 2554 438 2635 esset,
493 2547 604 2613 cni
634 2556 821 2616 recte
850 2549 1240 2642 opponitur,
1294 2557 1379 2619 at
1402 2569 1548 2616 mm
1572 2544 1752 2615 bene
1775 2555 1906 2621 est.
1994 2548 2228 2632 Quare
2257 2552 2457 2619 etiam

228 2600 446 2719 Latini
475 2651 737 2720 vellem
764 2651 1014 2721 dicunt.
1095 2651 1393 2723 Omnino
1423 2661 1652 2721 autem
1677 2651 2068 2743 videndum,
2119 2662 2213 2741 ut,
2267 2656 2455 2745 quod

229 2777 500 2845 quoqne
529 2755 599 2822 in
626 2757 780 2823 loco
798 2757 1195 2848 oppositum
1229 2756 1513 2849 cogitari
1544 2755 1818 2840 debeat,
1844 2764 2032 2824 recte
2064 2778 2454 2850 cognosca-

227 2867 360 2945 tur,
415 2859 539 2926 nisi
566 2859 742 2927 male
765 2860 1050 2982 intelligi
1080 2859 1277 2928 huius
1307 2870 1378 2929 et
1402 2859 1714 2929 similium
1740 2859 2105 2928 verborum
2127 2862 2455 2931 rationem

231 2962 554 3030 volumus.
604 2962 699 3031 Vt
727 2962 962 3052 quod
942 2987 1012 3032 m
1040 2963 1346 3056 Gorgiae
1370 2963 1761 3033 defensione
1783 2962 2174 3031 Palamedis
2187 2988 2259 3056 p.
2280 2963 2432 3032 113

230 3061 376 3153 (68.
436 3060 513 3159 §.
563 3062 687 3139 21.
740 3065 1004 3159 Bekk.)
1058 3069 1384 3189 scriptum
1418 3075 1552 3135 est:
1615 3062 1738 3138 ὅτι
1779 3067 1949 3187 μὲν..
1973 3091 2107 3137 ουν
2147 3063 2310 3139 ου’(ἳ
2360 3068 2453 3140 οἳν

230 3159 655 3266 ἐβουλόμην
667 3169 1075 3265 προδοῦναι
1109 3198 1246 3267 την
1273 3162 1618 3257 Ελλάδα,
1673 3161 1800 3240 Oto?
1841 3196 1989 3241 των
2022 3172 2452 3266 προειρημέ-

230 3299 358 3343 νων
388 3272 777 3345 δεᾚδεικται
880 3272 1338 3342 Vehementer
1373 3274 1552 3342 enim
1597 3279 1886 3356 erraret,
1941 3271 2056 3360 qni
2096 3292 2451 3364 opponere

226 3375 422 3443 vellet
449 3425 470 3460 ‚
527 3370 693 3447 ἀλλ’
729 3370 1141 3472 ἐβουλόμην
1173 3376 1578 3472 προδοῦναι
1614 3374 1710 3442 sic
1756 3374 2162 3465 simpliciter.
2268 3377 2449 3444 Nam
2562 3431 2566 3434 ,

226 3488 318 3547 est
344 3477 522 3546 illud
575 3477 853 3567 quidem
896 3480 1117 3571 ipsum
1138 3531 1159 3566 ‚
1211 3479 1335 3548 sed
1379 3502 1464 3548 ex
1500 3499 1797 3571 persona
1823 3476 2183 3545 adversarii
2218 3501 2446 3571 oppo-

226 3582 448 3650 situm:
505 3575 813 3673 ἐβούλου
848 3583 1285 3679 προδοῦναιε
1337 3593 1445 3669 ιιι,
1499 3583 1554 3650 si
1595 3604 1679 3649 ex
1718 3580 1924 3672 ipsius
1955 3581 2238 3649 oratoris
2281 3605 2447 3673 per-

225 3706 381 3752 sona
413 3684 915 3776 oppositionem
950 3686 1176 3753 facere
1204 3684 1389 3771 veih,
1444 3683 1806 3753 dicendum
1836 3683 1937 3765 sit,
1987 3683 2246 3753 videor
2262 3707 2447 3778 pro-

227 3788 400 3857 dere
445 3787 783 3861 voluisse.
886 3788 996 3856 Ex
1048 3789 1153 3857 his
1219 3799 1539 3881 apparet,
1622 3786 1762 3854 hoc
1832 3785 2112 3875 quidem
2174 3788 2241 3855 in
2291 3789 2447 3857 loco

222 3892 419 3982 plane
460 3891 800 3961 diversam
845 3893 1027 3959 nasci
1055 3894 1469 3977 sententiam,
1520 3891 1575 3958 si
1610 3888 1703 3961 ἄν
1748 3899 2195 3963 removeatur.
2269 3892 2448 3959 Nam

224 3994 447 4063 addita
474 3995 813 4086 particula
845 3994 1041 4076 dicit,
1091 4018 1182 4064 ne
1205 3996 1593 4065 voluissem
1629 3991 1922 4084 quidem
1950 3994 2328 4087 prodere,
2383 3995 2449 4064 si

219 4098 653 4190 ροιιιίεεοιης
704 4098 951 4167 omissa
998 4107 1256 4187 autem,
1307 4122 1399 4169 ne
1429 4096 1624 4168 volui
1659 4096 1954 4188 quidem
1978 4147 1999 4184 ‚
2056 4120 2273 4189 quum
2303 4120 2447 4190 po·-

420 4304 565 4374 Sed
613 4305 826 4373 multo
873 4305 1066 4373 latins
1111 4314 1304 4396 patet
1342 4303 1517 4372 haec
1559 4302 1765 4387 ratio,
1833 4324 2053 4391 neque
2090 4301 2302 4369 ullum
2348 4310 2448 4369 est

225 4407 517 4493 verbnm,
570 4408 663 4476 ad
686 4407 872 4498 quod
897 4431 1031 4477 non
1057 4409 1409 4500 pertineat.
1468 4409 1647 4475 Nam
1682 4406 1976 4488 omnino,
2035 4406 2445 4494 ubicumque

224 4531 351 4579 non
376 4521 608 4606 potest
644 4513 1053 4581 contrarium
1091 4512 1375 4606 opponi,
1426 4519 1613 4580 recte
1651 4509 1844 4575 abest
1877 4508 2231 4600 particula.
2287 4508 2446 4577 An.-

1861 4623 2029 4694 ΕΖ
