3259 5275
820 483 951 550 284
1545 479 1663 542 DE
1712 477 2308 543 AnomMEnls

817 675 1300 744 Vniversorum
1429 680 1655 741 autem
1782 694 2077 767 greg-um
2202 671 2375 742 haec
2506 695 2767 746 summa
2892 690 3000 765 est,

817 772 1397 865 4o‚311²‚6560.
1423 777 1488 867 ⁸)
1593 776 1735 861 Qui
1780 777 1957 846 haec
2001 776 2331 864 eruit‚'in
2371 800 2457 847 eo
2491 779 2764 869 quidem
2801 784 2999 874 magis

813 880 1209 975 probandus
1239 878 1524 966 videtur,
1575 902 1781 970 quam
1809 879 2080 969 stu-avii,
2132 880 2249 971 qui
2278 881 2468 971 qu'od
2497 881 2800 952 viderent
2827 885 2998 954 albos

815 986 1183 1079 nigrosque
1239 992 1464 1052 tauros
1516 985 1585 1052 in
1639 1006 1847 1053 unum
1908 985 2300 1052 coniunctos
2356 984 2611 1055 debere
2667 1010 3001 1057 numerum

816 1088 1218 1178 quadratum
1245 1087 1520 1156 efficere
1536 1136 1558 1174 ‚
1608 1087 1791 1155 hunc
1824 1087 2288 1178 quaerendum
2327 1101 2749 1175 censuerunt,
2803 1115 3001 1181 eoque

811 1194 1081 1261 invento
1139 1212 1457 1259 numeros
1522 1201 1900 1282 posuerunt
1970 1201 2319 1260 taurorum
2374 1215 2865 1284 vaccarumque
2921 1195 3001 1263 ad

812 1294 1124 1365 eamdem
1167 1295 1494 1362 rationem
1537 1304 1808 1363 exactos
1825 1344 1845 1379 ‚
1899 1295 2020 1364 sed
2055 1295 2268 1363 multo
2300 1296 2588 1365 maiores
2603 1345 2626 1378 ‚
2687 1307 2756 1367 et
2792 1308 2999 1368 tamen

657 1434 671 1448 ·
811 1401 951 1468 sine
995 1398 1218 1466 fructu
1232 1444 1254 1482 ‚
1315 1399 1473 1487 quia
1510 1398 1749 1466 ultima
1797 1408 1992 1490 parte
2042 1398 2483 1491 problematis
2519 1422 2657 1469 non
2699 1402 3001 1493 expedita

808 1502 976 1572 nihil
1014 1501 1466 1595 profecerunt.
1574 1502 1808 1586 Quare
1842 1503 1996 1571 satis
2038 1510 2183 1570 erat
2229 1503 2538 1572 minimos
2576 1526 2836 1595 ponere
2887 1527 3000 1572 nu·-

808 1628 1033 1675 meros
1068 1626 1325 1691 omnes,
1374 1623 1546 1694 quos
1577 1604 1778 1673 facile
1808 1606 1956 1695 quis
1988 1613 2230 1697 postea
2262 1628 2347 1674 eo
2380 1629 2662 1677 numero
2689 1608 2996 1699 multipli-

809 1719 996 1779 caret
1014 1757 1036 1795 ‚
1084 1708 1158 1777 in
1191 1729 1328 1798 quo
1358 1708 1760 1777 inveniendo
1788 1710 1985 1776 unice
2011 1709 2375 1781 laboratur.
2480 1710 2727 1801 anue
2757 1712 2867 1780 via
2899 1734 2997 1780 sa·

806 1816 1068 1907 pienter
1090 1813 1182 1881 ab
1209 1812 1363 1903 ipso
1389 1821 1537 1880 erat
1566 1811 1979 1880 Archimede
2007 1821 2393 1882 monstrata.

1010 1915 1156 1987 Sed
1186 1913 1592 1983 veniendum
1634 1913 1849 1985 estad
1876 1914 1967 2001 id,
2021 1916 2210 2006 quod
2234 1939 2440 2009 supra
2466 1914 2806 2004 dicebam,
2854 1939 2993 1985 ver-

804 2020 906 2090 bis
939 2043 1073 2089 non
1115 2027 1301 2088 recte
1333 2018 1683 2088 intellectis
1717 2017 1900 2088 aliud
1927 2020 2042 2112 agi
2058 2069 2079 2107 ‚
2132 2028 2336 2109 atque
2369 2018 2819 2088 Archimedes
2844 2042 2993 2112 pro-

804 2132 1143 2217 posuerat.
1210 2121 1294 2191 ld
1323 2123 1578 2191 factum
1606 2132 1710 2192 est
1749 2122 2015 2192 duobus
2051 2122 2120 2190 in
2149 2122 2338 2192 locis.
2408 2122 2503 2190 Et
2532 2123 2829 2215 primum
2857 2124 2990 2214 qui·

805 2227 962 2297 dem
995 2251 1058 2297 v.
1094 2224 1214 2294 24.
1241 2226 1359 2294 ubi
1382 2226 1676 2296 Leistius
1703 2235 1773 2294 et
1808 2224 2056 2294 Struvii
2082 2226 2572 2295 inconsiderate
2611 2227 2991 2296 scholiastae

802 2332 1089 2401 rationes
1120 2330 1382 2419 sequuti
1395 2376 1419 2416 ‚
1471 2327 1957 2399 removendum
1988 2327 2324 2398 duxerunt
2352 2330 2637 2398 verbum
2671 2330 2987 2425 τετραχῇ.

804 2435 1015 2520 Quod
1060 2455 1275 2523 quum
1314 2434 1384 2502 in
1431 2429 1723 2530 α’τρεκὲς
1762 2431 2004 2504 mutari
2048 2432 2438 2519 voluerunt,
2504 2442 2723 2502 metro
2766 2433 2989 2501 intule-

798 2547 956 2607 runt
981 2538 1211 2606 vitium
1228 2584 1249 2622 ‚
1303 2537 1410 2605 cui
1442 2535 1827 2607 excusando
1871 2536 2395 2629 imperitioribus
2441 2559 2575 2605 non
2623 2537 2818 2606 deest
2857 2558 2988 2604 ma-

800 2642 1030 2711 chinas
1084 2642 1393 2732 scriptori
1426 2642 1932 2735 epigrammatis
1960 2664 2099 2711 non
2133 2649 2308 2711 esset
2343 2642 2739 2711 'excusabile
2774 2642 2984 2709 visum.

800 2744 944 2815 Gur
972 2767 1133 2813 vero
1164 2744 1555 2814 damnemus
1583 2767 1828 2813 vocem
1855 2745 2091 2819 illam?
2140 2745 2436 2813 Tantum
2465 2745 2661 2814 abest
2690 2745 2885 2834 enim,
2925 2752 2989 2810 ut

793 2849 1053 2917 numeri
1083 2869 1220 2916 non
1266 2858 1641 2942 congruant
1657 2897 1679 2934 ‚
1732 2851 1789 2917 si
1834 2849 2298 2941 quadraginta·
2333 2857 2648 2937 quattuor
2695 2870 2828 2941 pro
2872 2869 2987 2914 un-

794 2951 1017 3021 decim
1043 2952 1391 3020 tricesimis
1417 2953 1723 3044 partibus
1747 2961 2105 3046 ponantur,
2157 2960 2234 3021 ut
2247 2973 2384 3020 non
2411 2953 2627 3020 solum
2661 2952 2986 3042 aliquanto

794 3057 1081 3124 minores
1126 3056 1331 3141 fiant,
1376 3056 1499 3126 sed
1542 3056 1743 3123 etiam
1786 3054 2228 3148 impediatur,
2282 3078 2369 3123 ne
2409 3079 2599 3124 secus
2642 3078 2850 3146 quam
2875 3077 2984 3123 na-

746 3157 962 3228 9tura
996 3168 1067 3227 et
1095 3181 1243 3228 mos
1270 3158 1422 3244 fert,
1477 3168 1818 3228 taurorum
1849 3160 2061 3229 maior
2093 3158 2179 3227 sit
2200 3146 2406 3249 quam
2433 3182 2794 3227 vaccarum
2823 3158 2996 3226 mul--

768 3261 1031 3335 titudo.
1138 3262 1413 3332 Scilicet
1458 3263 1774 3352 quoniam
1827 3285 1912 3331 ex
1962 3262 2246 3330 minimis
2309 3270 2661 3333 taurorum
2710 3261 2981 3330 numeris

791 3363 1019 3453 2226,
1058 3374 1127 3433 et
1168 3362 1404 3452 1602,
1466 3375 1534 3434 et
1569 3362 1796 3454 158⁰,
1819 3375 1901 3434 et
1933 3362 2108 3451 891,
2145 3364 2477 3433 eruendus
2509 3375 2611 3433 est
2636 3385 2980 3433 vaccarum

789 3490 1104 3538 numerus
1118 3518 1140 3556 ‚
1203 3468 1496 3538 invenies
1553 3469 1858 3537 albarum
1918 3466 2356 3536 multitudinis
2400 3490 2764 3537 vaccarum
2820 3489 2978 3557 quae

789 3572 1102 3641 detractis
1154 3570 1363 3670 31545343
1407 3570 1711 3665 partibus
1759 3573 2061 3663 reliquae
2099 3580 2251 3640 sunt
2278 3580 2507 3665 partes
2553 3571 2767 3672 {⁵33}
2807 3571 2977 3641 hisce

786 3675 1207 3769 aequiparari
1235 3676 1649 3744 taurinorum
1678 3698 1974 3770 gregum
2000 3676 2336 3769 partibusz

968 3805 1186 3860 21on
1448 3807 1536 3864 21.
1575 3805 1717 3861 1586
1993 3807 2083 3862 77.
2120 3805 2226 3861 891
2475 3806 2597 3861 148.
2640 3805 2785 3861 2226

1054 3908 1122 3962 12
1288 3856 1363 3930 ‘'—
1560 3909 1636 3964 86
1833 3858 1909 3931 4⁵
2065 3908 2174 3964 m
2314 3856 2390 3929 ψ
2562 3909 2706 3963 1200

952 4158 1010 4234 a)
1050 4154 1276 4215 Censor
1302 4154 1364 4214 in
1392 4154 1599 4215 Dium.
1634 4153 1759 4216 Ien.
1789 4175 1840 4214 a.
1876 4158 2062 4222 1829.
2093 4175 2172 4214 m.
2207 4153 2424 4216 Martio
2452 4150 2558 4219 fol.
2594 4154 2698 4221 49.
2718 4149 2873 4234 quod
2890 4149 2967 4209 sic

779 4240 1043 4321 scriptus
1071 4249 1160 4301 est
1172 4239 1276 4299 hio
1300 4260 1605 4317 numerus,
1652 4250 1714 4300 et
1743 4260 1862 4301 non
1880 4240 2391 4318 4‚031,126‚560,
2435 4249 2498 4300 et
2523 4238 2791 4300 similiter
2804 4236 2962 4299 etiam

778 4326 883 4408 qui
898 4324 1288 4407 praecedunt,
1317 4324 1687 4407 typographi
1706 4345 1911 4386 errore
1924 4327 2152 4385 sactum
2163 4336 2360 4407 putat.
2404 4327 2484 4385 At
2498 4327 2775 4385 consulto
2791 4326 2866 4383 ita
2882 4320 2962 4380 di·

777 4413 909 4488 visi,
943 4421 1031 4487 ut,
1083 4410 1187 4492 qui
1214 4409 1572 4472 scholiastae
1598 4411 1778 4471 verba
1799 4421 2197 4490 compararet,
2244 4412 2318 4471 ab
2346 4412 2690 4472 millenariis
2717 4405 2960 4470 numeris

772 4497 1103 4579 myriades,
1149 4520 1182 4557 a
1212 4496 1585 4578 myriadibus
1614 4497 1888 4579 duplices
1916 4495 2217 4578 myriades
2250 4497 2539 4559 discretas
2569 4496 2872 4558 inveniret.
