3259 5275
1081 519 1257 585 ms.
1298 491 1377 580 ιι.
1464 519 1660 584 cAP.
1699 523 1763 587 4.
2384 494 2531 594 ὀι

308 723 412 786 est
443 713 618 786 vm
665 713 789 784 67.
839 742 929 798 ως
964 714 1043 790 δὲ
1084 709 1330 812 κόσμῳ
1378 715 1618 811 ἐπεξῆς
1664 722 1941 804 ἵζοντο,
1994 716 2289 810 πέμψας
2332 719 2533 816 Ξέρ-
2630 745 2638 752 ·

305 814 903 919 ξηςΜαρδόνιον,
938 813 1225 916 εἰρώτα,
1272 815 1866 917 ἀποπειρώμενος
1885 811 2224 913 ἑκάστου,
2263 825 2326 896 εὶ
2353 851 2534 897 ναυ-

303 924 580 1022 μαχίην
622 925 977 998 ποιέοιτο.
1081 925 1276 992 Haec
1325 946 1532 1015 quum
1576 924 1794 993 minus
1838 933 2152 992 accurate
2190 927 2535 996 discerne-

302 1041 410 1101 ret
440 1029 836 1099 Werferus
817 1052 886 1097 m
915 1028 1105 1098 Actis
1131 1027 1407 1097 Monac.
1434 1029 1572 1102 vol.
1608 1028 1664 1103 Ι,
1696 1051 1774 1119 p.
1802 1025 1977 1102 23⁰.
2006 1051 2197 1121 seqq.
2217 1031 2368 1100 fieri
2396 1053 2537 1100 non

298 1136 563 1230 potnit,
614 1133 775 1225 quin
820 1134 1067 1225 corrigi
1110 1133 1348 1219 vellet,
1416 1155 1593 1223 quae
1631 1133 1906 1201 minime
1949 1133 2258 1234 indigent
2302 1157 2536 1204 corre-

302 1240 555 1311 ctione.
654 1236 1196 1308 Demosthenes
1177 1260 1246 1304 m
1278 1236 1450 1305 Mid.
1480 1260 1556 1328 p.
1600 1233 1776 1325 525,
1807 1233 1930 1308 19.
1989 1238 2063 1309 εἴ
2080 1265 2193 1320 τις
2228 1233 2362 1311 οὖν
2395 1234 2536 1311 uoe'-

257 1342 569 1422 ’κείνοις
612 1347 766 1421 τοῖς
807 1333 1364 1469 προϋπάρχουσι
1404 1334 1702 1432 νόμοις,
1756 1339 1880 1412 καὶ
1925 1334 2166 1436 τούτῳ
2214 1369 2317 1436 τῳ
2363 1338 2535 1432 μετ’
2578 1422 2581 1427 ,
2646 1420 2649 1425 ,
2741 1395 2758 1414 .

300 1445 617 1525 ἐκείνους
670 1445 970 1516 τεθέντι
1018 1445 1137 1516 καὶ
1199 1443 1380 1516 πᾶσι
1428 1450 1617 1567 τοῖς.
1637 1449 1916 1524 λοιποῖς
1956 1440 2116 1517 ἔστ’
2159 1446 2475 1533 ἔνοχος,
2493 1441 2537 1519 ό

299 1548 653 1628 τοιοῦτος
696 1540 975 1640 πότερα
1023 1573 1127 1642 μη
1170 1547 1273 1640 δῷ
1306 1541 1434 1620 dui
1479 1546 1707 1620 τοῦτο
1756 1546 1995 1644 δίκην,
2048 1546 2095 1643 ἢ
2121 1546 2339 1640 μείζω
2377 1545 2537 1645 δοίη

302 1655 638 1741 δικαίωςς
691 1643 829 1742 ἔγω
860 1650 996 1741 μὲν
1027 1646 1238 1739 οἶμαι
1268 1649 1507 1744 μείζω.
1574 1652 1915 1721 Accurate
1948 1648 2244 1719 distinxit
2274 1650 2538 1739 modoS,
2656 1730 2661 1735 ¹

297 1766 378 1825 ut
408 1777 552 1823 non
594 1752 906 1822 debuerit
930 1751 1290 1822 Bekkerus
1323 1753 1728 1848 Spaldingio
1756 1756 2089 1842 assentiri,
2118 1753 2212 1828 ἂν
2238 1755 2540 1846 optativo
2606 1742 2610 1755 ’

301 1856 766 1928 adiiciendum
832 1857 1148 1930 censenti.
1252 1857 1434 1926 Nam
1498 1881 1710 1949 quum
1772 1858 1846 1927 id
1901 1868 2064 1951 agat
2118 1867 2378 1946 orator,
2466 1867 2545 1927 ut

301 1960 625 2032 ostendat
662 1983 888 2053 poena
925 1960 1210 2054 dignum
1249 1984 1397 2031 esse
1439 1961 1764 2049 Midiam,
1815 1962 2066 2031 refutat
2101 1984 2218 2032 eos
2241 2014 2262 2050 ,
2313 1962 2431 2053 qui
2463 1962 2545 2029 il-

300 2069 451 2136 lum
479 2066 660 2134 forte
697 2065 1067 2133 absoluturi
1100 2066 1248 2139 sint.
1351 2065 1590 2155 Itaque
1619 2058 1901 2157 πότερα
1929 2059 2039 2158 μή
2074 2066 2178 2161 δῷ
2209 2063 2404 2163 δίκην
2434 2065 2544 2133 di—

304 2173 434 2241 cit:
480 2179 821 2239 utrumne
862 2169 986 2240 ille
1028 2192 1174 2238 mm
1207 2165 1418 2237 debet
1448 2190 1742 2263 poenas
1787 2164 2035 2238 dare?
2084 2170 2314 2238 Debet
2360 2191 2544 2241 vero.

299 2272 580 2347 Deinde
607 2282 833 2341 autem
865 2271 1066 2341 affert
1092 2271 1366 2361 aliquid,
1419 2272 1609 2361 quod
1633 2295 1773 2340 non
1807 2272 1953 2340 vult
1979 2272 2149 2361 fieri,
2203 2271 2327 2342 sed
2358 2272 2546 2363 quod

305 2403 395 2450 eo
434 2387 696 2446 tantum
743 2377 908 2460 fine!
925 2377 1189 2464 adiicit,
1239 2384 1316 2444 ut
1351 2376 1536 2444 illam
1563 2377 1870 2497 priorem
1898 2378 2298 2445 sententiam
2329 2393 2547 2469 exag-

302 2481 624 2579 gerando
659 2481 1089 2549 corroboret:
1143 2503 1244 2548 απ
1286 2477 1683 2551 censebitis
1704 2480 1990 2550 maiore
2014 2480 2269 2573 potius
2298 2502 2549 2574 poena

306 2588 630 2682 dignum
657 2580 874 2655 esse?
911 2580 1071 2654 Hoc
1097 2605 1263 2653 vero
1281 2607 1411 2677 per
1425 2586 1804 2677 optativum
1830 2584 2067 2655 debuit
2096 2584 2346 2672 dicere,
2388 2584 2549 2676 quia

304 2715 452 2762 uon
482 2701 587 2760 est
629 2688 827 2776 illud,
879 2686 1070 2780 quod
1106 2711 1284 2757 nunc
1315 2697 1637 2781 oportere
1676 2689 1808 2777 ait,
1861 2689 1987 2759 sed
2025 2688 2216 2780 quod
2265 2698 2549 2781 oporte-

303 2804 450 2878 ret,
503 2795 563 2863 si
596 2795 666 2863 in
697 2792 902 2885 ipsius
932 2801 1273 2884 potestate
1307 2805 1483 2864 esset
1512 2794 1703 2862 illum
1745 2794 2010 2886 punire.
2114 2792 2354 2883 Itaque
2385 2814 2550 2861 cen·

307 2898 604 2972 sendum
648 2896 925 2987 quidem
971 2897 1067 2964 ita
1124 2905 1354 2989 putat,
1435 2899 1694 2967 maiore
1743 2898 1934 2966 illum
1983 2902 2211 2989 poena
2261 2895 2550 2988 dignum

310 3026 501 3090 oese,
560 3000 684 3070 sed
729 3023 865 3069 non
896 3000 1243 3069 contendit
1278 3001 1533 3074 debere
1562 3003 1768 3071 etiam
1793 3001 1978 3069 affici
2008 3023 2235 3093 poena
2268 2999 2546 3072 maiore.

307 3108 553 3176 Placet
599 3105 986 3196 exemplum
1018 3102 1357 3174 secundae
1388 3128 1730 3198 personae
1771 3105 2099 3194 adiicere,
2153 3104 2343 3196 quod
2374 3101 2549 3170 haec

310 3210 529 3280 rarius
558 3208 910 3282 iuvenitur.
966 3207 1341 3278 oraculum
1358 3211 1545 3303 apud
1563 3209 1776 3280 schoL
1795 3208 2146 3301 Aristoph.
2165 3208 2299 3299 Eq.
2319 3204 2545 3279 1989.

316 3323 387 3383 et
413 3310 704 3383 Suidam
731 3311 801 3380 in
830 3334 897 3385 v,
924 3306 1258 3410 Ἀρχίαςι

418 3459 689 3562 ἤλθετ’
739 3457 1168 3562 ἐρησόμενοι
1222 3468 1543 3560 Φοῖβον,
1591 3461 1764 3538 τίνα
1811 3468 2031 3560 γαῖαν
2084 3468 2363 3559 ἵκησθε.

322 3617 603 3712 Operae
632 3619 929 3710 pretium
960 3628 1063 3688 est
1097 3619 1213 3689 hic
1241 3621 1630 3708 observare,
1684 3619 1809 3688 etsi
1846 3618 2031 3688 inter
2055 3616 2552 3686 coniunctivum

321 3734 527 3815 atque
557 3722 994 3791 indicativum
1037 3723 1245 3792 futuri
1270 3725 1557 3792 multum
1602 3724 1915 3810 interest,
1965 3731 2195 3791 tamen
2227 3741 2360 3812 pro
2393 3721 2552 3789 affi-

320 3828 592 3914 nitate,
614 3848 792 3917 quae
825 3833 927 3894 est
963 3826 1138 3895 inter
1165 3828 1293 3896 hos
1321 3827 1601 3915 modos,
1655 3850 1862 3920 saepe
1891 3826 2192 3896 futurum
2216 3824 2554 3917 usurpari,

321 3932 436 4000 ubi
470 3939 672 4024 putes
717 3930 1139 3999 coniunctivo
1174 3932 1399 4024 potius
1438 3931 1768 4001 utendum
1796 3932 2024 4005 fuisse.
2126 3931 2223 3999 Et
2250 3929 2367 3997 ubi
2397 3928 2556 4019 qui-

324 4034 482 4104 dem
525 4057 665 4103 ιιοιι
705 4033 870 4125 quid
917 4032 1168 4103 debeat
1211 4035 1394 4120 fieri,
1448 4032 1572 4104 sed
1622 4036 1791 4125 quid
1823 4036 2125 4104 futurum
2164 4034 2249 4103 sit
2264 4081 2286 4118 ,
2339 4054 2557 4122 quae·
2670 4082 2676 4092 .

324 4140 506 4224 titur,
558 4159 766 4207 nemo
791 4155 929 4207 nm
947 4138 1152 4225 videt,
1203 4140 1583 4208 necessario
1610 4140 1914 4209 futurum
1919 4138 2212 4269 requiri,
2263 4145 2342 4204 ut
2368 4132 2556 4228 apud

325 4241 762 4311 Herodotum
789 4242 854 4313 1.
886 4239 1009 4310 86.
1037 4237 1486 4337 βουλόμενος
1517 4246 1818 4333 εἰδέναι,
1873 4244 1947 4316 εἴ
1974 4241 2083 4325 τίς
2113 4268 2247 4335 μιν
2274 4230 2552 4330 δαιμό-

328 4372 464 4419 νων
506 4339 816 4443 ρύσεται
844 4345 984 4420 τοῦ
1015 4374 1119 4444 μη
1165 4348 1399 4433 ζῶντα
1446 4346 2024 4437 κατακαυθῆναι.
2126 4343 2342 4414 Aliter
2368 4338 2559 4433 apud

330 4450 644 4519 eumdem
694 4447 876 4521 Vm.
928 4447 1048 4518 36.
1097 4454 1174 4523 ἐν
1227 4448 1525 4544 δείματι
1584 4451 1665 4525 δὲ
1689 4443 2020 4576 μεγάλῳν
2036 4445 2556 4529 “accondit-ec,

330 4546 826 4646 ἐμαντεύοντο
864 4553 1030 4655 περὶ
1063 4552 1213 4628 τῶν
1247 4558 1423 4652 ιρων
1457 4548 1894 4655 χρημάτων,
1943 4553 2094 4627 εἴτε
2132 4549 2322 4648 σφέα
2365 4539 2563 4622 κατεῖ
